<?xml version="1.0" encoding="utf-8"?>
<searchRetrieveResponse xmlns:xsd="http://www.w3.org/2001/XMLSchema" xmlns:xsi="http://www.w3.org/2001/XMLSchema-instance" xmlns="http://www.loc.gov/zing/srw/">
  <version>1.1</version>
  <diagnostics>
    <diagnostic xmlns="http://www.loc.gov/zing/srw/diagnostic/">
      <uri>info:srw/diagnostic/1/66</uri>
      <details>Schema URI or short name : </details>
      <message>Unknown schema for retrieval</message>
    </diagnostic>
  </diagnostics>
  <numberOfRecords>765</numberOfRecords>
  <resultSetId>RS_d12c7df5-613e-4660-813d-45da870f959a</resultSetId>
  <resultSetIdleTime>30</resultSetIdleTime>
  <records>
    <record>
      <recordSchema>dc</recordSchema>
      <recordPacking>xml</recordPacking>
      <recordData>
        <record xsi:schemaLocation="http://www.loc.gov/MARC21/slim http://www.loc.gov/standards/marcxml/schema/MARC21slim.xsd" xmlns="http://www.loc.gov/MARC21/slim" xmlns:xsi="http://www.w3.org/2001/XMLSchema-instance">
          <leader>00850nam0 2200253   4500</leader>
          <controlfield tag="001">101345011</controlfield>
          <controlfield tag="005">20060511112553.000</controlfield>
          <datafield tag="010" ind1=" " ind2=" ">
            <subfield code="a">2-213-62237-X</subfield>
            <subfield code="b">br.</subfield>
            <subfield code="d">20 EUR</subfield>
          </datafield>
          <datafield tag="100" ind1=" " ind2=" ">
            <subfield code="a">20060511d2006    m  y0frey0103    ba</subfield>
          </datafield>
          <datafield tag="101" ind1="0" ind2=" ">
            <subfield code="a">fre</subfield>
          </datafield>
          <datafield tag="102" ind1=" " ind2=" ">
            <subfield code="a">FR</subfield>
          </datafield>
          <datafield tag="105" ind1=" " ind2=" ">
            <subfield code="a">y   z   000yy</subfield>
          </datafield>
          <datafield tag="106" ind1=" " ind2=" ">
            <subfield code="a">r</subfield>
          </datafield>
          <datafield tag="200" ind1="1" ind2=" ">
            <subfield code="a">Manuel à l'usage de ceux qui veulent réussir leur [anti]oedipe</subfield>
            <subfield code="b">Texte imprimé</subfield>
            <subfield code="f">Stéphane Nadaud</subfield>
          </datafield>
          <datafield tag="210" ind1=" " ind2=" ">
            <subfield code="a">Paris</subfield>
            <subfield code="c">Fayard</subfield>
            <subfield code="d">impr. 2006</subfield>
          </datafield>
          <datafield tag="215" ind1=" " ind2=" ">
            <subfield code="a">1 vol. (321 p.)</subfield>
            <subfield code="d">22 cm</subfield>
          </datafield>
          <datafield tag="320" ind1=" " ind2=" ">
            <subfield code="a">Notes bibliogr.</subfield>
          </datafield>
          <datafield tag="606" ind1="1" ind2=" ">
            <subfield code="3">027230600</subfield>
            <subfield code="a">Complexe d'Oedipe</subfield>
            <subfield code="2">rameau</subfield>
          </datafield>
          <datafield tag="606" ind1="1" ind2=" ">
            <subfield code="3">027498107</subfield>
            <subfield code="a">Psychiatrie sociale</subfield>
            <subfield code="2">rameau</subfield>
          </datafield>
          <datafield tag="606" ind1="1" ind2=" ">
            <subfield code="3">027421724</subfield>
            <subfield code="a">Parents et enfants</subfield>
            <subfield code="2">rameau</subfield>
          </datafield>
          <datafield tag="700" ind1=" " ind2="1">
            <subfield code="3">060734833</subfield>
            <subfield code="a">Nadaud</subfield>
            <subfield code="b">Stéphane</subfield>
            <subfield code="4">070</subfield>
          </datafield>
          <datafield tag="801" ind1=" " ind2="3">
            <subfield code="a">FR</subfield>
            <subfield code="b">Abes</subfield>
            <subfield code="c">20060511</subfield>
            <subfield code="g">AFNOR</subfield>
          </datafield>
          <datafield tag="915" ind1=" " ind2=" ">
            <subfield code="5">250562101:27255300X</subfield>
            <subfield code="b">1147076831</subfield>
          </datafield>
          <datafield tag="930" ind1=" " ind2=" ">
            <subfield code="5">250562101:27255300X</subfield>
            <subfield code="b">250562101</subfield>
            <subfield code="a">684800</subfield>
            <subfield code="j">u</subfield>
          </datafield>
        </record>
      </recordData>
      <recordPosition>1</recordPosition>
    </record>