
    <record>
      <recordSchema>dc</recordSchema>
      <recordPacking>xml</recordPacking>
      <recordData>
        <record xsi:schemaLocation="http://www.loc.gov/MARC21/slim http://www.loc.gov/standards/marcxml/schema/MARC21slim.xsd" xmlns="http://www.loc.gov/MARC21/slim" xmlns:xsi="http://www.w3.org/2001/XMLSchema-instance">
          <leader>01556cam0 2200409   4500</leader>
          <controlfield tag="001">099573539</controlfield>
          <controlfield tag="005">20060511150653.000</controlfield>
          <datafield tag="010" ind1=" " ind2=" ">
            <subfield code="a">2-7291-1615-X</subfield>
            <subfield code="b">br</subfield>
            <subfield code="d">8 </subfield>
          </datafield>
          <datafield tag="021" ind1=" " ind2=" ">
            <subfield code="a">FR</subfield>
            <subfield code="b">DLE-20060327-14317</subfield>
          </datafield>
          <datafield tag="035" ind1=" " ind2=" ">
            <subfield code="a">FRBNF401335710000000</subfield>
            <subfield code="z">FRBNF40133571</subfield>
          </datafield>
          <datafield tag="035" ind1=" " ind2=" ">
            <subfield code="5">173002101</subfield>
            <subfield code="a">136473</subfield>
          </datafield>
          <datafield tag="100" ind1=" " ind2=" ">
            <subfield code="a">20060327d2006    m  y0frey0103    ba</subfield>
          </datafield>
          <datafield tag="101" ind1="1" ind2=" ">
            <subfield code="a">grc</subfield>
            <subfield code="a">fre</subfield>
            <subfield code="c">grc</subfield>
          </datafield>
          <datafield tag="102" ind1=" " ind2=" ">
            <subfield code="a">FR</subfield>
          </datafield>
          <datafield tag="105" ind1=" " ind2=" ">
            <subfield code="a">y   z   000by</subfield>
          </datafield>
          <datafield tag="106" ind1=" " ind2=" ">
            <subfield code="a">r</subfield>
          </datafield>
          <datafield tag="200" ind1="1" ind2=" ">
            <subfield code="a">Oedipe roi</subfield>
            <subfield code="b">Texte imprimé</subfield>
            <subfield code="f">Sophocle</subfield>
            <subfield code="g">traduit du grec et présenté par Jean-Paul Savignac</subfield>
          </datafield>
          <datafield tag="210" ind1=" " ind2=" ">
            <subfield code="a">Paris</subfield>
            <subfield code="c">la Différence</subfield>
            <subfield code="d">DL 2006</subfield>
            <subfield code="e">46-Cahors</subfield>
            <subfield code="g">Impr. France Quercy</subfield>
          </datafield>
          <datafield tag="215" ind1=" " ind2=" ">
            <subfield code="a">1 vol. (205 p.)</subfield>
            <subfield code="c">couv. ill. en coul.</subfield>
            <subfield code="d">17 cm</subfield>
          </datafield>
          <datafield tag="225" ind1="2" ind2=" ">
            <subfield code="a">Minos</subfield>
            <subfield code="x">1633-8804</subfield>
            <subfield code="v">40</subfield>
          </datafield>
          <datafield tag="320" ind1=" " ind2=" ">
            <subfield code="a">Bibliogr. p. 203-205</subfield>
          </datafield>
          <datafield tag="410" ind1=" " ind2=" ">
            <subfield code="0">061598895</subfield>
            <subfield code="t">Minos (Paris. 2002)</subfield>
            <subfield code="x">1633-8804</subfield>
            <subfield code="v">40</subfield>
          </datafield>
          <datafield tag="500" ind1=" " ind2=" ">
            <subfield code="3">030706777</subfield>
            <subfield code="a">Oedipe roi</subfield>
            <subfield code="m">grec ancien-français</subfield>
            <subfield code="k">2006</subfield>
          </datafield>
          <datafield tag="676" ind1=" " ind2=" ">
            <subfield code="a">882.01 oeuvre</subfield>
            <subfield code="v">21</subfield>
          </datafield>
          <datafield tag="676" ind1=" " ind2=" ">
            <subfield code="a">882</subfield>
            <subfield code="v">22</subfield>
          </datafield>
          <datafield tag="686" ind1=" " ind2=" ">
            <subfield code="a">802</subfield>
            <subfield code="2">Cadre de classement de la Bibliographie nationale française</subfield>
          </datafield>
          <datafield tag="700" ind1=" " ind2="1">
            <subfield code="3">027143619</subfield>
            <subfield code="a">Sophocle</subfield>
            <subfield code="f">0496?-0406 av. J.-C.</subfield>
            <subfield code="4">070</subfield>
          </datafield>
          <datafield tag="702" ind1=" " ind2="1">
            <subfield code="3">02712469X</subfield>
            <subfield code="a">Savignac</subfield>
            <subfield code="b">Jean-Paul</subfield>
            <subfield code="f">1939-....</subfield>
            <subfield code="4">730</subfield>
          </datafield>
          <datafield tag="801" ind1=" " ind2="3">
            <subfield code="a">FR</subfield>
            <subfield code="b">Abes</subfield>
            <subfield code="c">20060511</subfield>
            <subfield code="g">AFNOR</subfield>
          </datafield>
          <datafield tag="801" ind1=" " ind2="0">
            <subfield code="a">FR</subfield>
            <subfield code="b">BNF</subfield>
            <subfield code="c">20060327</subfield>
            <subfield code="g">AFNOR</subfield>
            <subfield code="2">intermrc</subfield>
          </datafield>
          <datafield tag="930" ind1=" " ind2=" ">
            <subfield code="5">173002101:270696040</subfield>
            <subfield code="b">173002101</subfield>
            <subfield code="j">u</subfield>
          </datafield>
          <datafield tag="930" ind1=" " ind2=" ">
            <subfield code="5">674821001:272588415</subfield>
            <subfield code="b">674821001</subfield>
            <subfield code="a">C.161.209</subfield>
            <subfield code="j">u</subfield>
          </datafield>
          <datafield tag="990" ind1=" " ind2=" ">
            <subfield code="5">674821001:272588415</subfield>
            <subfield code="0">FBFB</subfield>
          </datafield>
          <datafield tag="992" ind1=" " ind2=" ">
            <subfield code="5">674821001:272588415</subfield>
            <subfield code="a">882</subfield>
            <subfield code="2">22</subfield>
          </datafield>
          <datafield tag="915" ind1=" " ind2=" ">
            <subfield code="5">751052144:270973370</subfield>
            <subfield code="b">3350694322</subfield>
          </datafield>
          <datafield tag="930" ind1=" " ind2=" ">
            <subfield code="5">751052144:270973370</subfield>
            <subfield code="b">751052144</subfield>
            <subfield code="a">88/1 SOP oe</subfield>
            <subfield code="j">i</subfield>
          </datafield>
          <datafield tag="999" ind1=" " ind2=" ">
            <subfield code="5">751052144:270973370</subfield>
            <subfield code="a">EM</subfield>
            <subfield code="b">GRE4B</subfield>
          </datafield>
        </record>
      </recordData>
      <recordPosition>2</recordPosition>
    </record>