
    <record>
      <recordSchema>dc</recordSchema>
      <recordPacking>xml</recordPacking>
      <recordData>
        <record xsi:schemaLocation="http://www.loc.gov/MARC21/slim http://www.loc.gov/standards/marcxml/schema/MARC21slim.xsd" xmlns="http://www.loc.gov/MARC21/slim" xmlns:xsi="http://www.w3.org/2001/XMLSchema-instance">
          <leader>01132cam0 2200277   4500</leader>
          <controlfield tag="001">09841304X</controlfield>
          <controlfield tag="005">20060328105445.000</controlfield>
          <datafield tag="010" ind1=" " ind2=" ">
            <subfield code="a">2-914378-95-5</subfield>
            <subfield code="b">br.</subfield>
            <subfield code="d">18.80 EUR</subfield>
          </datafield>
          <datafield tag="100" ind1=" " ind2=" ">
            <subfield code="a">20060321d2006    m  y|frey0103    ba</subfield>
          </datafield>
          <datafield tag="101" ind1="1" ind2=" ">
            <subfield code="a">fre</subfield>
            <subfield code="c">spa</subfield>
          </datafield>
          <datafield tag="102" ind1=" " ind2=" ">
            <subfield code="a">FR</subfield>
          </datafield>
          <datafield tag="105" ind1=" " ind2=" ">
            <subfield code="a">y   ||||000by</subfield>
          </datafield>
          <datafield tag="106" ind1=" " ind2=" ">
            <subfield code="a">r</subfield>
          </datafield>
          <datafield tag="200" ind1="1" ind2=" ">
            <subfield code="a">Théâtre de Benjamin Galemiri</subfield>
            <subfield code="b">Texte imprimé</subfield>
            <subfield code="f">[Benjamin Galemiri]</subfield>
            <subfield code="g">Sélection et préface d'Adel Hakim</subfield>
            <subfield code="g">traduit de l'espagnol (Chili) par Françoise Thanas [et] Adel Hakim</subfield>
          </datafield>
          <datafield tag="210" ind1=" " ind2=" ">
            <subfield code="a">Paris</subfield>
            <subfield code="c">Indigo &amp;amp; côté-femmes éd.</subfield>
            <subfield code="d">DL 2006</subfield>
          </datafield>
          <datafield tag="215" ind1=" " ind2=" ">
            <subfield code="a">1 vol. (273 p.)</subfield>
            <subfield code="d">21 cm</subfield>
          </datafield>
          <datafield tag="327" ind1="1" ind2=" ">
            <subfield code="a">Le coordonnateur</subfield>
            <subfield code="a">Le séducteur</subfield>
            <subfield code="a">Œdipe, conseiller technique</subfield>
            <subfield code="a">Les principes de la foi</subfield>
            <subfield code="a">Laisse-la saigner</subfield>
          </datafield>
          <datafield tag="676" ind1=" " ind2=" ">
            <subfield code="a">862</subfield>
            <subfield code="v">22</subfield>
          </datafield>
          <datafield tag="700" ind1=" " ind2="1">
            <subfield code="3">059242124</subfield>
            <subfield code="a">Galemiri</subfield>
            <subfield code="b">Benjamín</subfield>
            <subfield code="4">070</subfield>
          </datafield>
          <datafield tag="702" ind1=" " ind2="1">
            <subfield code="3">084282185</subfield>
            <subfield code="a">Hakim</subfield>
            <subfield code="b">Adel</subfield>
            <subfield code="f">1953-....</subfield>
            <subfield code="4">340</subfield>
            <subfield code="4">730</subfield>
          </datafield>
          <datafield tag="702" ind1=" " ind2="1">
            <subfield code="3">027158683</subfield>
            <subfield code="a">Thanas</subfield>
            <subfield code="b">Françoise</subfield>
            <subfield code="4">730</subfield>
          </datafield>
          <datafield tag="801" ind1=" " ind2="3">
            <subfield code="a">FR</subfield>
            <subfield code="b">Abes</subfield>
            <subfield code="c">20060328</subfield>
            <subfield code="g">AFNOR</subfield>
          </datafield>
          <datafield tag="930" ind1=" " ind2=" ">
            <subfield code="5">335222103:263582191</subfield>
            <subfield code="b">335222103</subfield>
            <subfield code="a">XH 860(83) GAL THE</subfield>
            <subfield code="j">u</subfield>
          </datafield>
          <datafield tag="930" ind1=" " ind2=" ">
            <subfield code="5">674821001:264077199</subfield>
            <subfield code="b">674821001</subfield>
            <subfield code="a">CJ.228.227</subfield>
            <subfield code="j">u</subfield>
          </datafield>
          <datafield tag="990" ind1=" " ind2=" ">
            <subfield code="5">674821001:264077199</subfield>
            <subfield code="0">FBFL</subfield>
          </datafield>
          <datafield tag="992" ind1=" " ind2=" ">
            <subfield code="5">674821001:264077199</subfield>
            <subfield code="a">862</subfield>
            <subfield code="2">22</subfield>
          </datafield>
        </record>
      </recordData>
      <recordPosition>3</recordPosition>
    </record>