
    <record>
      <recordSchema>dc</recordSchema>
      <recordPacking>xml</recordPacking>
      <recordData>
        <record xsi:schemaLocation="http://www.loc.gov/MARC21/slim http://www.loc.gov/standards/marcxml/schema/MARC21slim.xsd" xmlns="http://www.loc.gov/MARC21/slim" xmlns:xsi="http://www.w3.org/2001/XMLSchema-instance">
          <leader>02041cam0 2200445   4500</leader>
          <controlfield tag="001">098259504</controlfield>
          <controlfield tag="005">20060509113325.000</controlfield>
          <datafield tag="010" ind1=" " ind2=" ">
            <subfield code="a">2-228-90068-0</subfield>
            <subfield code="b">br</subfield>
            <subfield code="d">6,50 EUR</subfield>
          </datafield>
          <datafield tag="035" ind1=" " ind2=" ">
            <subfield code="5">490072106</subfield>
            <subfield code="a">ALP000378167</subfield>
          </datafield>
          <datafield tag="100" ind1=" " ind2=" ">
            <subfield code="a">20060317d2006    m  y0frey0103    ba</subfield>
          </datafield>
          <datafield tag="101" ind1="1" ind2=" ">
            <subfield code="a">fre</subfield>
            <subfield code="c">eng</subfield>
          </datafield>
          <datafield tag="102" ind1=" " ind2=" ">
            <subfield code="a">FR</subfield>
          </datafield>
          <datafield tag="105" ind1=" " ind2=" ">
            <subfield code="a">a   ||||000yy</subfield>
          </datafield>
          <datafield tag="106" ind1=" " ind2=" ">
            <subfield code="a">r</subfield>
          </datafield>
          <datafield tag="200" ind1="1" ind2=" ">
            <subfield code="a">&lt;?char 136 ?&gt;Le &lt;?char 137 ?&gt;complexe d'Oedipe</subfield>
            <subfield code="b">Texte imprimé</subfield>
            <subfield code="f">Melanie Klein</subfield>
            <subfield code="g">traduit de l'anglais par Marguerite Derrida</subfield>
            <subfield code="g">préface de Simone Korff-Sausse</subfield>
          </datafield>
          <datafield tag="210" ind1=" " ind2=" ">
            <subfield code="a">Paris</subfield>
            <subfield code="c">Payot &amp;amp; Rivages</subfield>
            <subfield code="d">impr. 2006</subfield>
          </datafield>
          <datafield tag="215" ind1=" " ind2=" ">
            <subfield code="a">1 vol. (150 p.)</subfield>
            <subfield code="c">ill., couv. ill.</subfield>
            <subfield code="d">17 cm</subfield>
          </datafield>
          <datafield tag="225" ind1="2" ind2=" ">
            <subfield code="a">Petite bibliothèque Payot</subfield>
            <subfield code="v">579</subfield>
          </datafield>
          <datafield tag="300" ind1=" " ind2=" ">
            <subfield code="a">Les textes de Melanie Klein qui composent "Le complexe d'Oedipe" sont extraits d'"Essais de psychanalyse : 1921-1945", Paris, Payot, 1968</subfield>
          </datafield>
          <datafield tag="410" ind1=" " ind2=" ">
            <subfield code="0">001063960</subfield>
            <subfield code="t">Petite bibliothèque Payot (Paris)</subfield>
            <subfield code="x">0480-2012</subfield>
            <subfield code="v">579</subfield>
          </datafield>
          <datafield tag="606" ind1="1" ind2=" ">
            <subfield code="3">027230600</subfield>
            <subfield code="a">Complexe d'Oedipe</subfield>
            <subfield code="2">rameau</subfield>
          </datafield>
          <datafield tag="700" ind1=" " ind2="1">
            <subfield code="3">026950707</subfield>
            <subfield code="a">Klein</subfield>
            <subfield code="b">Mélanie</subfield>
            <subfield code="f">1882-1960</subfield>
            <subfield code="4">070</subfield>
          </datafield>
          <datafield tag="702" ind1=" " ind2="1">
            <subfield code="3">026825821</subfield>
            <subfield code="a">Derrida</subfield>
            <subfield code="b">Marguerite</subfield>
            <subfield code="4">730</subfield>
          </datafield>
          <datafield tag="702" ind1=" " ind2="1">
            <subfield code="3">027123960</subfield>
            <subfield code="a">Korff Sausse</subfield>
            <subfield code="b">Simone</subfield>
            <subfield code="4">080</subfield>
          </datafield>
          <datafield tag="801" ind1=" " ind2="3">
            <subfield code="a">FR</subfield>
            <subfield code="b">Abes</subfield>
            <subfield code="c">20060509</subfield>
            <subfield code="g">AFNOR</subfield>
          </datafield>
          <datafield tag="930" ind1=" " ind2=" ">
            <subfield code="5">490072106:26870239X</subfield>
            <subfield code="b">490072106</subfield>
            <subfield code="j">u</subfield>
          </datafield>
          <datafield tag="930" ind1=" " ind2=" ">
            <subfield code="5">330632102:265043530</subfield>
            <subfield code="b">330632102</subfield>
            <subfield code="a">150.195 KLE</subfield>
            <subfield code="j">u</subfield>
          </datafield>
          <datafield tag="930" ind1=" " ind2=" ">
            <subfield code="5">951272104:266977197</subfield>
            <subfield code="b">951272104</subfield>
            <subfield code="a">150.195 KLE</subfield>
            <subfield code="j">u</subfield>
          </datafield>
          <datafield tag="930" ind1=" " ind2=" ">
            <subfield code="5">341722103:264014138</subfield>
            <subfield code="b">341722103</subfield>
            <subfield code="a">159.96 KLE</subfield>
            <subfield code="j">u</subfield>
          </datafield>
          <datafield tag="930" ind1=" " ind2=" ">
            <subfield code="5">301892102:272425664</subfield>
            <subfield code="b">301892102</subfield>
            <subfield code="a">150.195 KLE</subfield>
            <subfield code="j">u</subfield>
          </datafield>
          <datafield tag="915" ind1=" " ind2=" ">
            <subfield code="5">060882105:270249303</subfield>
            <subfield code="a">26232-25-A</subfield>
            <subfield code="b">0940014490</subfield>
          </datafield>
          <datafield tag="917" ind1=" " ind2=" ">
            <subfield code="5">060882105:270249303</subfield>
            <subfield code="a">aaac</subfield>
          </datafield>
          <datafield tag="930" ind1=" " ind2=" ">
            <subfield code="5">060882105:270249303</subfield>
            <subfield code="b">060882105</subfield>
            <subfield code="c">BU-STJ</subfield>
            <subfield code="d">PSYCHO</subfield>
            <subfield code="a">BF 175 .5 .O33 KLE</subfield>
            <subfield code="j">u</subfield>
          </datafield>
          <datafield tag="915" ind1=" " ind2=" ">
            <subfield code="5">060882105:270249311</subfield>
            <subfield code="a">26232-25-B</subfield>
            <subfield code="b">0940014492</subfield>
          </datafield>
          <datafield tag="917" ind1=" " ind2=" ">
            <subfield code="5">060882105:270249311</subfield>
            <subfield code="a">aaac</subfield>
          </datafield>
          <datafield tag="930" ind1=" " ind2=" ">
            <subfield code="5">060882105:270249311</subfield>
            <subfield code="b">060882105</subfield>
            <subfield code="c">BU-STJ</subfield>
            <subfield code="d">PSYCHO</subfield>
            <subfield code="a">BF 175 .5 .O33 KLE</subfield>
            <subfield code="j">u</subfield>
          </datafield>
          <datafield tag="930" ind1=" " ind2=" ">
            <subfield code="5">751052102:272354007</subfield>
            <subfield code="b">751052102</subfield>
            <subfield code="a">158 KLE</subfield>
            <subfield code="j">u</subfield>
          </datafield>
          <datafield tag="930" ind1=" " ind2=" ">
            <subfield code="5">751132101:272594237</subfield>
            <subfield code="b">751132101</subfield>
            <subfield code="a">WM 460 KLE</subfield>
            <subfield code="j">u</subfield>
          </datafield>
          <datafield tag="915" ind1=" " ind2=" ">
            <subfield code="5">751142102:263289982</subfield>
            <subfield code="a">72539</subfield>
            <subfield code="b">3310145336</subfield>
          </datafield>
          <datafield tag="930" ind1=" " ind2=" ">
            <subfield code="5">751142102:263289982</subfield>
            <subfield code="b">751142102</subfield>
            <subfield code="c">BCU</subfield>
            <subfield code="d">LAC</subfield>
            <subfield code="e">2000</subfield>
            <subfield code="a">159.964.2 KLE</subfield>
            <subfield code="j">u</subfield>
          </datafield>
        </record>
      </recordData>
      <recordPosition>4</recordPosition>
    </record>