
    <record>
      <recordSchema>dc</recordSchema>
      <recordPacking>xml</recordPacking>
      <recordData>
        <record xsi:schemaLocation="http://www.loc.gov/MARC21/slim http://www.loc.gov/standards/marcxml/schema/MARC21slim.xsd" xmlns="http://www.loc.gov/MARC21/slim" xmlns:xsi="http://www.w3.org/2001/XMLSchema-instance">
          <leader>02943cam0 2200661   4500</leader>
          <controlfield tag="001">097420115</controlfield>
          <controlfield tag="005">20060324162559.000</controlfield>
          <datafield tag="010" ind1=" " ind2=" ">
            <subfield code="a">2-8048-0080-6</subfield>
            <subfield code="b">br.</subfield>
          </datafield>
          <datafield tag="035" ind1=" " ind2=" ">
            <subfield code="5">130012212</subfield>
            <subfield code="a">307215</subfield>
          </datafield>
          <datafield tag="100" ind1=" " ind2=" ">
            <subfield code="a">20060227d2006    m  y0frey0103    ba</subfield>
          </datafield>
          <datafield tag="101" ind1="0" ind2=" ">
            <subfield code="a">fre</subfield>
            <subfield code="a">grc</subfield>
          </datafield>
          <datafield tag="102" ind1=" " ind2=" ">
            <subfield code="a">BE</subfield>
          </datafield>
          <datafield tag="105" ind1=" " ind2=" ">
            <subfield code="a">y   a   000yy</subfield>
          </datafield>
          <datafield tag="106" ind1=" " ind2=" ">
            <subfield code="a">r</subfield>
          </datafield>
          <datafield tag="200" ind1="1" ind2=" ">
            <subfield code="a">Oedipe et ses mythes</subfield>
            <subfield code="b">Texte imprimé</subfield>
            <subfield code="f">Jean-Pierre Vernant, Pierre Vidal-Naquet</subfield>
          </datafield>
          <datafield tag="210" ind1=" " ind2=" ">
            <subfield code="a">Bruxelles</subfield>
            <subfield code="c">Éditions Complexe</subfield>
            <subfield code="d">impr. 2006</subfield>
          </datafield>
          <datafield tag="215" ind1=" " ind2=" ">
            <subfield code="a">1 vol. (XII-148 p.)</subfield>
            <subfield code="c">couv. ill.</subfield>
            <subfield code="d">18 cm</subfield>
          </datafield>
          <datafield tag="225" ind1="0" ind2=" ">
            <subfield code="a">Historiques</subfield>
            <subfield code="v">43</subfield>
          </datafield>
          <datafield tag="305" ind1=" " ind2=" ">
            <subfield code="a">"Les articles présentés dans ce volume ont été tirés des ouvrages de Jean-Pierre Vernant et Pierre Vidal-Naquet "Mythe et tragédie en Grèce ancienne" tomes I et II, Ed. La découverte, 1986."</subfield>
          </datafield>
          <datafield tag="320" ind1=" " ind2=" ">
            <subfield code="a">Notes bibliogr.</subfield>
          </datafield>
          <datafield tag="410" ind1=" " ind2=" ">
            <subfield code="0">000928356</subfield>
            <subfield code="t">Historiques (Bruxelles)</subfield>
            <subfield code="x">1378-0360</subfield>
            <subfield code="v">43</subfield>
          </datafield>
          <datafield tag="600" ind1=" " ind2="0">
            <subfield code="3">027512312</subfield>
            <subfield code="a">Oedipe</subfield>
            <subfield code="3">027512312</subfield>
            <subfield code="c">mythologie grecque</subfield>
            <subfield code="2">rameau</subfield>
          </datafield>
          <datafield tag="604" ind1=" " ind2=" ">
            <subfield code="0">027515486</subfield>
            <subfield code="a">Sophocle (0496?-0406 av. J.-C.)</subfield>
            <subfield code="t">Oedipe roi</subfield>
            <subfield code="2">rameau</subfield>
          </datafield>
          <datafield tag="604" ind1=" " ind2=" ">
            <subfield code="0">028020294</subfield>
            <subfield code="a">Sophocle (0496?-0406 av. J.-C.)</subfield>
            <subfield code="t">Oedipe à Colone</subfield>
            <subfield code="2">rameau</subfield>
          </datafield>
          <datafield tag="606" ind1="1" ind2=" ">
            <subfield code="3">027230600</subfield>
            <subfield code="a">Complexe d'Oedipe</subfield>
            <subfield code="2">rameau</subfield>
          </datafield>
          <datafield tag="676" ind1=" " ind2=" ">
            <subfield code="a">882</subfield>
            <subfield code="v">21a</subfield>
          </datafield>
          <datafield tag="700" ind1=" " ind2="1">
            <subfield code="3">02718160X</subfield>
            <subfield code="a">Vernant</subfield>
            <subfield code="b">Jean-Pierre</subfield>
            <subfield code="f">1914-....</subfield>
            <subfield code="4">070</subfield>
          </datafield>
          <datafield tag="701" ind1=" " ind2="1">
            <subfield code="3">027184269</subfield>
            <subfield code="a">Vidal-Naquet</subfield>
            <subfield code="b">Pierre</subfield>
            <subfield code="f">1930-....</subfield>
            <subfield code="4">070</subfield>
          </datafield>
          <datafield tag="801" ind1=" " ind2="3">
            <subfield code="a">FR</subfield>
            <subfield code="b">Abes</subfield>
            <subfield code="c">20060324</subfield>
            <subfield code="g">AFNOR</subfield>
          </datafield>
          <datafield tag="930" ind1=" " ind2=" ">
            <subfield code="5">130012212:260962341</subfield>
            <subfield code="b">130012212</subfield>
            <subfield code="a">292.08 VER</subfield>
            <subfield code="j">u</subfield>
          </datafield>
          <datafield tag="915" ind1=" " ind2=" ">
            <subfield code="5">840072101:261196413</subfield>
            <subfield code="b">0212171258</subfield>
          </datafield>
          <datafield tag="930" ind1=" " ind2=" ">
            <subfield code="5">840072101:261196413</subfield>
            <subfield code="b">840072101</subfield>
            <subfield code="c">Libre-accès</subfield>
            <subfield code="a">882 SOP</subfield>
            <subfield code="j">u</subfield>
          </datafield>
          <datafield tag="992" ind1=" " ind2=" ">
            <subfield code="5">840072101:261196413</subfield>
            <subfield code="a">882</subfield>
            <subfield code="2">cdd</subfield>
          </datafield>
          <datafield tag="915" ind1=" " ind2=" ">
            <subfield code="5">912282101:272625442</subfield>
            <subfield code="b">1270776899</subfield>
          </datafield>
          <datafield tag="930" ind1=" " ind2=" ">
            <subfield code="5">912282101:272625442</subfield>
            <subfield code="b">912282101</subfield>
            <subfield code="a">938 VER oed</subfield>
            <subfield code="j">u</subfield>
          </datafield>
          <datafield tag="930" ind1=" " ind2=" ">
            <subfield code="5">870852107:27024591X</subfield>
            <subfield code="b">870852107</subfield>
            <subfield code="j">u</subfield>
          </datafield>
          <datafield tag="915" ind1=" " ind2=" ">
            <subfield code="5">621602101:266916260</subfield>
            <subfield code="b">1823690390</subfield>
          </datafield>
          <datafield tag="930" ind1=" " ind2=" ">
            <subfield code="5">621602101:266916260</subfield>
            <subfield code="b">621602101</subfield>
            <subfield code="j">u</subfield>
          </datafield>
          <datafield tag="930" ind1=" " ind2=" ">
            <subfield code="5">693872103:260786500</subfield>
            <subfield code="b">693872103</subfield>
            <subfield code="j">u</subfield>
          </datafield>
          <datafield tag="930" ind1=" " ind2=" ">
            <subfield code="5">690292101:264928253</subfield>
            <subfield code="b">690292101</subfield>
            <subfield code="j">u</subfield>
          </datafield>
          <datafield tag="915" ind1=" " ind2=" ">
            <subfield code="5">543952103:263974669</subfield>
            <subfield code="a">0XF 8207</subfield>
            <subfield code="b">0542093741</subfield>
          </datafield>
          <datafield tag="930" ind1=" " ind2=" ">
            <subfield code="5">543952103:263974669</subfield>
            <subfield code="b">543952103</subfield>
            <subfield code="c">SL2</subfield>
            <subfield code="a">A 875.09 ver</subfield>
            <subfield code="j">u</subfield>
          </datafield>
          <datafield tag="930" ind1=" " ind2=" ">
            <subfield code="5">441092102:266319777</subfield>
            <subfield code="b">441092102</subfield>
            <subfield code="a">938 VER</subfield>
            <subfield code="j">u</subfield>
          </datafield>
          <datafield tag="930" ind1=" " ind2=" ">
            <subfield code="5">452342103:262812711</subfield>
            <subfield code="b">452342103</subfield>
            <subfield code="a">L 06-745</subfield>
            <subfield code="j">u</subfield>
          </datafield>
          <datafield tag="915" ind1=" " ind2=" ">
            <subfield code="5">514542102:268804656</subfield>
            <subfield code="a">DL06001938</subfield>
          </datafield>
          <datafield tag="917" ind1=" " ind2=" ">
            <subfield code="5">514542102:268804656</subfield>
            <subfield code="a">aaax</subfield>
          </datafield>
          <datafield tag="930" ind1=" " ind2=" ">
            <subfield code="5">514542102:268804656</subfield>
            <subfield code="b">514542102</subfield>
            <subfield code="a">882 VER</subfield>
            <subfield code="j">u</subfield>
          </datafield>
          <datafield tag="999" ind1=" " ind2=" ">
            <subfield code="5">514542102:268804656</subfield>
            <subfield code="a">BUOUV</subfield>
            <subfield code="b">aROSE</subfield>
          </datafield>
          <datafield tag="915" ind1=" " ind2=" ">
            <subfield code="5">674822137:266313590</subfield>
            <subfield code="b">2120259408</subfield>
          </datafield>
          <datafield tag="930" ind1=" " ind2=" ">
            <subfield code="5">674822137:266313590</subfield>
            <subfield code="b">674822137</subfield>
            <subfield code="a">882/Soph/V</subfield>
            <subfield code="j">g</subfield>
          </datafield>
          <datafield tag="930" ind1=" " ind2=" ">
            <subfield code="5">315552102:272440523</subfield>
            <subfield code="b">315552102</subfield>
            <subfield code="a">292.08 VER</subfield>
            <subfield code="j">u</subfield>
          </datafield>
          <datafield tag="915" ind1=" " ind2=" ">
            <subfield code="5">372612102:272377589</subfield>
            <subfield code="a">Z 25145</subfield>
            <subfield code="b">0912457154</subfield>
          </datafield>
          <datafield tag="930" ind1=" " ind2=" ">
            <subfield code="5">372612102:272377589</subfield>
            <subfield code="b">372612102</subfield>
            <subfield code="c">BU-LET</subfield>
            <subfield code="d">SAL-L1</subfield>
            <subfield code="a">938 VER</subfield>
            <subfield code="j">u</subfield>
          </datafield>
          <datafield tag="930" ind1=" " ind2=" ">
            <subfield code="5">930662101:262679949</subfield>
            <subfield code="b">930662101</subfield>
            <subfield code="a">938 VER</subfield>
            <subfield code="j">u</subfield>
          </datafield>
          <datafield tag="930" ind1=" " ind2=" ">
            <subfield code="5">920502102:272569194</subfield>
            <subfield code="b">920502102</subfield>
            <subfield code="a">292.1 VER</subfield>
            <subfield code="j">u</subfield>
          </datafield>
          <datafield tag="915" ind1=" " ind2=" ">
            <subfield code="5">940282102:264985915</subfield>
            <subfield code="b">5200074444</subfield>
          </datafield>
          <datafield tag="917" ind1=" " ind2=" ">
            <subfield code="5">940282102:264985915</subfield>
            <subfield code="a">aaaa</subfield>
          </datafield>
          <datafield tag="930" ind1=" " ind2=" ">
            <subfield code="5">940282102:264985915</subfield>
            <subfield code="b">940282102</subfield>
            <subfield code="a">875 SOPH 5 VE</subfield>
            <subfield code="j">u</subfield>
          </datafield>
        </record>
      </recordData>
      <recordPosition>5</recordPosition>
    </record>