
    <record>
      <recordSchema>dc</recordSchema>
      <recordPacking>xml</recordPacking>
      <recordData>
        <record xsi:schemaLocation="http://www.loc.gov/MARC21/slim http://www.loc.gov/standards/marcxml/schema/MARC21slim.xsd" xmlns="http://www.loc.gov/MARC21/slim" xmlns:xsi="http://www.w3.org/2001/XMLSchema-instance">
          <leader>03120nam0 2200301   4500</leader>
          <controlfield tag="001">096129646</controlfield>
          <controlfield tag="005">20060209145026.000</controlfield>
          <datafield tag="035" ind1=" " ind2=" ">
            <subfield code="5">751052129</subfield>
            <subfield code="a">ALP302224</subfield>
          </datafield>
          <datafield tag="100" ind1=" " ind2=" ">
            <subfield code="a">20060209d2005    k  y0frey0103    ba</subfield>
          </datafield>
          <datafield tag="101" ind1="0" ind2=" ">
            <subfield code="a">fre</subfield>
            <subfield code="d">fre</subfield>
            <subfield code="d">eng</subfield>
          </datafield>
          <datafield tag="102" ind1=" " ind2=" ">
            <subfield code="a">FR</subfield>
          </datafield>
          <datafield tag="105" ind1=" " ind2=" ">
            <subfield code="a">y   m   |||||</subfield>
          </datafield>
          <datafield tag="106" ind1=" " ind2=" ">
            <subfield code="a">r</subfield>
          </datafield>
          <datafield tag="200" ind1="1" ind2=" ">
            <subfield code="a">Edition, texte et traduction d'Oedipe à Colone de Sophocle</subfield>
            <subfield code="b">Texte imprimé</subfield>
            <subfield code="f">Françoise Le Pezron</subfield>
            <subfield code="g">sous la direction de Jacques Jouanna</subfield>
          </datafield>
          <datafield tag="210" ind1=" " ind2=" ">
            <subfield code="a">S.l.</subfield>
            <subfield code="c">s.n.</subfield>
            <subfield code="d">2005</subfield>
          </datafield>
          <datafield tag="215" ind1=" " ind2=" ">
            <subfield code="a">2 vol. (481 p.)</subfield>
          </datafield>
          <datafield tag="310" ind1=" " ind2=" ">
            <subfield code="a">Publication autorisée par le jury</subfield>
          </datafield>
          <datafield tag="320" ind1=" " ind2=" ">
            <subfield code="a">233 références bibliographiques</subfield>
          </datafield>
          <datafield tag="330" ind1=" " ind2=" ">
            <subfield code="a">Le texte de la dernière tragédie de Sophocle, Oedipe à Colone, est établi d'après la recension de A. Dain et R.D. Dawe. Une traduction juxtalinéaire  est proposée,  qui   s'efforce de respecter la différence stylistique entre les parties parlées et les parties lyriques.  L'introduction générale présente la pièce en mettant l'accent sur la réhabilitation du personnage éponyme, qui prononce  un plaidoyer personnel : le personnage s'absout de toute responsabilité dans les crimes qui sont attachés à son nom. Il trouve à Athènes la reconnaissance qui lui est refusée à Thèbes. Sophocle place la mort d'Oedipe dans son dème natal, en le dotant d'un statut de bienfaiteur d'Athènes. Oedipe à Colone parachève l'analyse du personnage d'Oedipe dont le statut mythique est redoublé. Le commentaire linéaire explique le choix du texte.   A partir des mots eux-mêmes sont effectuées les remarques d'ordre syntaxique, lexicologique, stylistique et littéraire. Pour chaque épisode ou stasimon, une analyse littéraire précède le commentaire.</subfield>
          </datafield>
          <datafield tag="330" ind1=" " ind2=" ">
            <subfield code="a">The text of Sophocles' last tragedy, Oedipus at Colonus, is based on A. Dain and R.D. Dawe's work. This line by line translation endeavours to respect stylistic differences between the parts that are spoken and the ones that are sung. A general presentation introduces the play and emphazises the main character' rehabilitation. Oedipus defends himself in a speech, absolving himself from the crimes linked to his name. In Athens, he finds the gratitude he was denied in Thebes. Oedipus at Colonus concludes the analyse of the character, whom mythical status is underlined a second time. The line by line commentary gives explanations for the choices made about the text. Syntactic, lexicological,  stylistic and literary remarks take words as a starting point. For each stasimon or epeisodios a literary analysis precedes commentary.</subfield>
          </datafield>
          <datafield tag="541" ind1=" " ind2=" ">
            <subfield code="a">Edition, translation and commentary of Oedipus at Colonus by Sophocles</subfield>
            <subfield code="z">eng</subfield>
          </datafield>
          <datafield tag="604" ind1=" " ind2=" ">
            <subfield code="0">028020294</subfield>
            <subfield code="a">Sophocle (0496?-0406 av. J.-C.)</subfield>
            <subfield code="t">Oedipe à Colone</subfield>
            <subfield code="2">rameau</subfield>
          </datafield>
          <datafield tag="606" ind1="1" ind2=" ">
            <subfield code="3">027796019</subfield>
            <subfield code="a">Tragédie grecque</subfield>
            <subfield code="3">02779038x</subfield>
            <subfield code="x">Histoire et critique</subfield>
            <subfield code="3">027253139</subfield>
            <subfield code="x">Thèses et écrits académiques</subfield>
            <subfield code="2">rameau</subfield>
          </datafield>
          <datafield tag="700" ind1=" " ind2="1">
            <subfield code="3">096129484</subfield>
            <subfield code="a">Le Pezron</subfield>
            <subfield code="b">Françoise</subfield>
            <subfield code="f">1964-....</subfield>
            <subfield code="4">070</subfield>
          </datafield>
          <datafield tag="702" ind1=" " ind2="1">
            <subfield code="3">026940752</subfield>
            <subfield code="a">Jouanna</subfield>
            <subfield code="b">Jacques</subfield>
            <subfield code="f">1935-....</subfield>
            <subfield code="4">727</subfield>
          </datafield>
          <datafield tag="712" ind1="0" ind2="2">
            <subfield code="3">026403633</subfield>
            <subfield code="a">Université de Paris-Sorbonne</subfield>
            <subfield code="4">295</subfield>
          </datafield>
          <datafield tag="801" ind1=" " ind2="3">
            <subfield code="a">FR</subfield>
            <subfield code="b">Abes</subfield>
            <subfield code="c">20060209</subfield>
            <subfield code="g">AFNOR</subfield>
          </datafield>
          <datafield tag="930" ind1=" " ind2=" ">
            <subfield code="5">751052129:254939775</subfield>
            <subfield code="b">751052129</subfield>
            <subfield code="a">BUT 6152/1-2</subfield>
            <subfield code="j">u</subfield>
          </datafield>
        </record>
      </recordData>
      <recordPosition>6</recordPosition>
    </record>