
    <record>
      <recordSchema>dc</recordSchema>
      <recordPacking>xml</recordPacking>
      <recordData>
        <record xsi:schemaLocation="http://www.loc.gov/MARC21/slim http://www.loc.gov/standards/marcxml/schema/MARC21slim.xsd" xmlns="http://www.loc.gov/MARC21/slim" xmlns:xsi="http://www.w3.org/2001/XMLSchema-instance">
          <leader>01080nam0 2200289   4500</leader>
          <controlfield tag="001">09535316X</controlfield>
          <controlfield tag="005">20060127121424.000</controlfield>
          <datafield tag="010" ind1=" " ind2=" ">
            <subfield code="a">2-84835-083-0</subfield>
            <subfield code="b">br.</subfield>
          </datafield>
          <datafield tag="035" ind1=" " ind2=" ">
            <subfield code="5">690292101</subfield>
            <subfield code="a">55420</subfield>
          </datafield>
          <datafield tag="100" ind1=" " ind2=" ">
            <subfield code="a">20060127d2005    |||||frey0103    ba</subfield>
          </datafield>
          <datafield tag="101" ind1="0" ind2=" ">
            <subfield code="a">fre</subfield>
          </datafield>
          <datafield tag="102" ind1=" " ind2=" ">
            <subfield code="a">FR</subfield>
          </datafield>
          <datafield tag="105" ind1=" " ind2=" ">
            <subfield code="a">y   a   ||0||</subfield>
          </datafield>
          <datafield tag="200" ind1="1" ind2=" ">
            <subfield code="a">&lt;?char 136 ?&gt;Le &lt;?char 137 ?&gt;temps d'Oedipe</subfield>
            <subfield code="b">Texte imprimé</subfield>
          </datafield>
          <datafield tag="210" ind1=" " ind2=" ">
            <subfield code="a">Fenouillet</subfield>
            <subfield code="c">Libres cahiers pour la psychanalyse</subfield>
            <subfield code="d">2005</subfield>
          </datafield>
          <datafield tag="215" ind1=" " ind2=" ">
            <subfield code="a">1 vol (156 p.)</subfield>
            <subfield code="d">21 cm</subfield>
          </datafield>
          <datafield tag="300" ind1=" " ind2=" ">
            <subfield code="a">Numéro 12, automne 2005 de la revue Libres cahiers pour la psychanalyse</subfield>
          </datafield>
          <datafield tag="606" ind1="1" ind2=" ">
            <subfield code="3">027230600</subfield>
            <subfield code="a">Complexe d'Oedipe</subfield>
            <subfield code="2">rameau</subfield>
          </datafield>
          <datafield tag="606" ind1="1" ind2=" ">
            <subfield code="3">027223833</subfield>
            <subfield code="a">Enfants</subfield>
            <subfield code="x">Psychologie</subfield>
            <subfield code="2">rameau</subfield>
          </datafield>
          <datafield tag="606" ind1="1" ind2=" ">
            <subfield code="3">027421724</subfield>
            <subfield code="a">Parents et enfants</subfield>
            <subfield code="3">027346900</subfield>
            <subfield code="x">Psychologie</subfield>
            <subfield code="2">rameau</subfield>
          </datafield>
          <datafield tag="712" ind1="0" ind2="2">
            <subfield code="a">Libres cahiers pour la psychanalyse</subfield>
          </datafield>
          <datafield tag="801" ind1=" " ind2="3">
            <subfield code="a">FR</subfield>
            <subfield code="b">Abes</subfield>
            <subfield code="c">20060127</subfield>
            <subfield code="g">AFNOR</subfield>
          </datafield>
          <datafield tag="930" ind1=" " ind2=" ">
            <subfield code="5">690292101:25307777X</subfield>
            <subfield code="b">690292101</subfield>
            <subfield code="j">u</subfield>
          </datafield>
          <datafield tag="930" ind1=" " ind2=" ">
            <subfield code="5">441092102:264939964</subfield>
            <subfield code="b">441092102</subfield>
            <subfield code="a">150.195 TEM</subfield>
            <subfield code="j">u</subfield>
          </datafield>
          <datafield tag="915" ind1=" " ind2=" ">
            <subfield code="5">751132105:253092477</subfield>
            <subfield code="a">A/</subfield>
          </datafield>
          <datafield tag="930" ind1=" " ind2=" ">
            <subfield code="5">751132105:253092477</subfield>
            <subfield code="b">751132105</subfield>
            <subfield code="a">159.964.1 Tem</subfield>
            <subfield code="j">u</subfield>
          </datafield>
          <datafield tag="930" ind1=" " ind2=" ">
            <subfield code="5">920502102:254030556</subfield>
            <subfield code="b">920502102</subfield>
            <subfield code="a">159.964 Tem</subfield>
            <subfield code="j">u</subfield>
          </datafield>
        </record>
      </recordData>
      <recordPosition>7</recordPosition>
    </record>