
    <record>
      <recordSchema>dc</recordSchema>
      <recordPacking>xml</recordPacking>
      <recordData>
        <record xsi:schemaLocation="http://www.loc.gov/MARC21/slim http://www.loc.gov/standards/marcxml/schema/MARC21slim.xsd" xmlns="http://www.loc.gov/MARC21/slim" xmlns:xsi="http://www.w3.org/2001/XMLSchema-instance">
          <leader>01280cam0 2200349   4500</leader>
          <controlfield tag="001">092572235</controlfield>
          <controlfield tag="005">20051109140343.000</controlfield>
          <datafield tag="010" ind1=" " ind2=" ">
            <subfield code="a">2-7298-2109-0</subfield>
            <subfield code="b">br</subfield>
            <subfield code="d">6,50 EUR</subfield>
          </datafield>
          <datafield tag="021" ind1=" " ind2=" ">
            <subfield code="a">FR</subfield>
            <subfield code="b">DLE-20051018-47641</subfield>
          </datafield>
          <datafield tag="035" ind1=" " ind2=" ">
            <subfield code="a">FRBNF400548010000001</subfield>
            <subfield code="z">FRBNF40054801</subfield>
          </datafield>
          <datafield tag="035" ind1=" " ind2=" ">
            <subfield code="5">751082101</subfield>
            <subfield code="a">ALP1482803</subfield>
          </datafield>
          <datafield tag="100" ind1=" " ind2=" ">
            <subfield code="a">20051018d2005    m  y0frey0103    ba</subfield>
          </datafield>
          <datafield tag="101" ind1="|" ind2=" ">
            <subfield code="a">fre</subfield>
          </datafield>
          <datafield tag="102" ind1=" " ind2=" ">
            <subfield code="a">FR</subfield>
          </datafield>
          <datafield tag="105" ind1=" " ind2=" ">
            <subfield code="a">y   z   000y|</subfield>
          </datafield>
          <datafield tag="106" ind1=" " ind2=" ">
            <subfield code="a">r</subfield>
          </datafield>
          <datafield tag="200" ind1="1" ind2=" ">
            <subfield code="a">Étude sur Sophocle, "Oedipe roi"</subfield>
            <subfield code="b">Texte imprimé</subfield>
            <subfield code="f">[par] Christine Dubarry-Sodini,...</subfield>
          </datafield>
          <datafield tag="205" ind1=" " ind2=" ">
            <subfield code="a">2e éd.</subfield>
          </datafield>
          <datafield tag="210" ind1=" " ind2=" ">
            <subfield code="a">Paris</subfield>
            <subfield code="c">Ellipses</subfield>
            <subfield code="d">impr. 2005</subfield>
            <subfield code="e">86-Ligugé</subfield>
            <subfield code="g">Aubin impr.</subfield>
          </datafield>
          <datafield tag="215" ind1=" " ind2=" ">
            <subfield code="a">1 vol. (125 p.)</subfield>
            <subfield code="c">carte, couv. ill.</subfield>
            <subfield code="d">19 cm</subfield>
          </datafield>
          <datafield tag="225" ind1="2" ind2=" ">
            <subfield code="a">Résonances</subfield>
          </datafield>
          <datafield tag="320" ind1=" " ind2=" ">
            <subfield code="a">Bibliogr. p. 113-114. Glossaire. Index</subfield>
          </datafield>
          <datafield tag="345" ind1=" " ind2=" ">
            <subfield code="b">9782729821098</subfield>
          </datafield>
          <datafield tag="410" ind1=" " ind2=" ">
            <subfield code="0">003668991</subfield>
            <subfield code="t">Résonances (Paris. 1994)</subfield>
            <subfield code="x">1264-4145</subfield>
          </datafield>
          <datafield tag="512" ind1=" " ind2=" ">
            <subfield code="a">Étude sur "Oedipe roi", Sophocle</subfield>
          </datafield>
          <datafield tag="604" ind1=" " ind2=" ">
            <subfield code="0">027515486</subfield>
            <subfield code="a">Sophocle (0496?-0406 av. J.-C.)</subfield>
            <subfield code="t">Oedipe roi</subfield>
            <subfield code="2">rameau</subfield>
          </datafield>
          <datafield tag="676" ind1=" " ind2=" ">
            <subfield code="a">882.01 critique</subfield>
            <subfield code="v">21</subfield>
          </datafield>
          <datafield tag="686" ind1=" " ind2=" ">
            <subfield code="a">800</subfield>
            <subfield code="2">Cadre de classement de la Bibliographie nationale française</subfield>
          </datafield>
          <datafield tag="700" ind1=" " ind2="1">
            <subfield code="3">033728461</subfield>
            <subfield code="a">Dubarry-Sodini</subfield>
            <subfield code="b">Christine</subfield>
            <subfield code="4">070</subfield>
          </datafield>
          <datafield tag="801" ind1=" " ind2="3">
            <subfield code="a">FR</subfield>
            <subfield code="b">Abes</subfield>
            <subfield code="c">20051109</subfield>
            <subfield code="g">AFNOR</subfield>
          </datafield>
          <datafield tag="801" ind1=" " ind2="0">
            <subfield code="a">FR</subfield>
            <subfield code="b">BNF</subfield>
            <subfield code="c">20051018</subfield>
            <subfield code="g">AFNOR</subfield>
            <subfield code="2">intermrc</subfield>
          </datafield>
          <datafield tag="930" ind1=" " ind2=" ">
            <subfield code="5">751082101:272563315</subfield>
            <subfield code="b">751082101</subfield>
            <subfield code="a">LE 11233</subfield>
            <subfield code="j">u</subfield>
          </datafield>
        </record>
      </recordData>
      <recordPosition>8</recordPosition>
    </record>