
    <record>
      <recordSchema>dc</recordSchema>
      <recordPacking>xml</recordPacking>
      <recordData>
        <record xsi:schemaLocation="http://www.loc.gov/MARC21/slim http://www.loc.gov/standards/marcxml/schema/MARC21slim.xsd" xmlns="http://www.loc.gov/MARC21/slim" xmlns:xsi="http://www.w3.org/2001/XMLSchema-instance">
          <leader>02624cam0 2200613   4500</leader>
          <controlfield tag="001">092272649</controlfield>
          <controlfield tag="005">20060313164703.000</controlfield>
          <datafield tag="010" ind1=" " ind2=" ">
            <subfield code="a">2-228-90016-8</subfield>
            <subfield code="b">br</subfield>
            <subfield code="d">16 EUR</subfield>
          </datafield>
          <datafield tag="035" ind1=" " ind2=" ">
            <subfield code="5">250562101</subfield>
            <subfield code="a">alp482544</subfield>
          </datafield>
          <datafield tag="100" ind1=" " ind2=" ">
            <subfield code="a">20051102d2005    m  y0frey0103    ba</subfield>
          </datafield>
          <datafield tag="101" ind1="0" ind2=" ">
            <subfield code="a">fre</subfield>
            <subfield code="f">fre</subfield>
          </datafield>
          <datafield tag="102" ind1=" " ind2=" ">
            <subfield code="a">FR</subfield>
          </datafield>
          <datafield tag="105" ind1=" " ind2=" ">
            <subfield code="a">y   a   000yd</subfield>
          </datafield>
          <datafield tag="106" ind1=" " ind2=" ">
            <subfield code="a">r</subfield>
          </datafield>
          <datafield tag="200" ind1="1" ind2=" ">
            <subfield code="a">&lt;?char 136 ?&gt;L'&lt;?char 137 ?&gt;Oedipe</subfield>
            <subfield code="b">Texte imprimé</subfield>
            <subfield code="c">le concept le plus crucial de la psychanalyse</subfield>
            <subfield code="f">J.-D. Nasio</subfield>
          </datafield>
          <datafield tag="210" ind1=" " ind2=" ">
            <subfield code="a">Paris</subfield>
            <subfield code="c">Payot</subfield>
            <subfield code="d">impr. 2005</subfield>
          </datafield>
          <datafield tag="215" ind1=" " ind2=" ">
            <subfield code="a">1 vol. (229 p.)</subfield>
            <subfield code="d">23 cm</subfield>
          </datafield>
          <datafield tag="225" ind1="0" ind2=" ">
            <subfield code="a">Désir-Payot</subfield>
          </datafield>
          <datafield tag="320" ind1=" " ind2=" ">
            <subfield code="a">Bibliogr. p. 215-[222]</subfield>
          </datafield>
          <datafield tag="410" ind1=" " ind2=" ">
            <subfield code="0">040504484</subfield>
            <subfield code="t">Désir-Payot (Paris)</subfield>
            <subfield code="x">1275-272X</subfield>
          </datafield>
          <datafield tag="606" ind1="1" ind2=" ">
            <subfield code="3">02761168X</subfield>
            <subfield code="a">Enfants</subfield>
            <subfield code="x">Sexualité</subfield>
            <subfield code="2">rameau</subfield>
          </datafield>
          <datafield tag="606" ind1="1" ind2=" ">
            <subfield code="3">027230600</subfield>
            <subfield code="a">Complexe d'Oedipe</subfield>
            <subfield code="3">027790045</subfield>
            <subfield code="x">Guides, manuels, etc.</subfield>
            <subfield code="2">rameau</subfield>
          </datafield>
          <datafield tag="606" ind1="1" ind2=" ">
            <subfield code="3">027223825</subfield>
            <subfield code="a">Enfants</subfield>
            <subfield code="x">Psychanalyse</subfield>
            <subfield code="2">rameau</subfield>
          </datafield>
          <datafield tag="606" ind1="1" ind2=" ">
            <subfield code="3">03447823X</subfield>
            <subfield code="a">Identité (psychologie) chez l'enfant</subfield>
            <subfield code="2">rameau</subfield>
          </datafield>
          <datafield tag="606" ind1="1" ind2=" ">
            <subfield code="3">027291839</subfield>
            <subfield code="a">Névroses</subfield>
            <subfield code="3">027790398</subfield>
            <subfield code="x">Origines</subfield>
            <subfield code="2">rameau</subfield>
          </datafield>
          <datafield tag="700" ind1=" " ind2="1">
            <subfield code="3">027044742</subfield>
            <subfield code="a">Nasio</subfield>
            <subfield code="b">Juan David</subfield>
            <subfield code="4">070</subfield>
          </datafield>
          <datafield tag="801" ind1=" " ind2="3">
            <subfield code="a">FR</subfield>
            <subfield code="b">Abes</subfield>
            <subfield code="c">20060313</subfield>
            <subfield code="g">AFNOR</subfield>
          </datafield>
          <datafield tag="915" ind1=" " ind2=" ">
            <subfield code="5">250562101:249741296</subfield>
            <subfield code="b">1146916015</subfield>
          </datafield>
          <datafield tag="930" ind1=" " ind2=" ">
            <subfield code="5">250562101:249741296</subfield>
            <subfield code="b">250562101</subfield>
            <subfield code="a">683861</subfield>
            <subfield code="j">u</subfield>
          </datafield>
          <datafield tag="930" ind1=" " ind2=" ">
            <subfield code="5">330632102:247735612</subfield>
            <subfield code="b">330632102</subfield>
            <subfield code="a">150.195 NAS</subfield>
            <subfield code="j">g</subfield>
          </datafield>
          <datafield tag="930" ind1=" " ind2=" ">
            <subfield code="5">290192101:254895875</subfield>
            <subfield code="b">290192101</subfield>
            <subfield code="l">435520</subfield>
            <subfield code="e">BRUL</subfield>
            <subfield code="a">150.195 NAS O</subfield>
            <subfield code="j">u</subfield>
          </datafield>
          <datafield tag="915" ind1=" " ind2=" ">
            <subfield code="5">590092101:253656249</subfield>
            <subfield code="a">BUC-25100</subfield>
          </datafield>
          <datafield tag="917" ind1=" " ind2=" ">
            <subfield code="5">590092101:253656249</subfield>
            <subfield code="a">aaax</subfield>
          </datafield>
          <datafield tag="930" ind1=" " ind2=" ">
            <subfield code="5">590092101:253656249</subfield>
            <subfield code="b">590092101</subfield>
            <subfield code="a">155.43 NAS</subfield>
            <subfield code="j">u</subfield>
          </datafield>
          <datafield tag="930" ind1=" " ind2=" ">
            <subfield code="5">690292101:253473918</subfield>
            <subfield code="b">690292101</subfield>
            <subfield code="j">u</subfield>
          </datafield>
          <datafield tag="930" ind1=" " ind2=" ">
            <subfield code="5">341722103:247540161</subfield>
            <subfield code="b">341722103</subfield>
            <subfield code="a">159.96 NAS</subfield>
            <subfield code="j">u</subfield>
          </datafield>
          <datafield tag="930" ind1=" " ind2=" ">
            <subfield code="5">301892102:248303678</subfield>
            <subfield code="b">301892102</subfield>
            <subfield code="a">150.195 NAS</subfield>
            <subfield code="j">u</subfield>
          </datafield>
          <datafield tag="930" ind1=" " ind2=" ">
            <subfield code="5">341722104:252599241</subfield>
            <subfield code="b">341722104</subfield>
            <subfield code="a">N 251422</subfield>
            <subfield code="j">u</subfield>
          </datafield>
          <datafield tag="930" ind1=" " ind2=" ">
            <subfield code="5">441092102:247906832</subfield>
            <subfield code="b">441092102</subfield>
            <subfield code="a">150.195 NAS</subfield>
            <subfield code="j">u</subfield>
          </datafield>
          <datafield tag="930" ind1=" " ind2=" ">
            <subfield code="5">861942101:259920592</subfield>
            <subfield code="b">861942101</subfield>
            <subfield code="j">u</subfield>
          </datafield>
          <datafield tag="930" ind1=" " ind2=" ">
            <subfield code="5">810042101:262992906</subfield>
            <subfield code="b">810042101</subfield>
            <subfield code="a">150.195 NAS</subfield>
            <subfield code="j">u</subfield>
          </datafield>
          <datafield tag="915" ind1=" " ind2=" ">
            <subfield code="5">372612102:251818772</subfield>
            <subfield code="a">S 17183</subfield>
            <subfield code="b">0912416908</subfield>
          </datafield>
          <datafield tag="930" ind1=" " ind2=" ">
            <subfield code="5">372612102:251818772</subfield>
            <subfield code="b">372612102</subfield>
            <subfield code="c">BU-LET</subfield>
            <subfield code="d">SAL-L1</subfield>
            <subfield code="a">150.195 NAS</subfield>
            <subfield code="j">u</subfield>
          </datafield>
          <datafield tag="930" ind1=" " ind2=" ">
            <subfield code="5">751052102:263575128</subfield>
            <subfield code="b">751052102</subfield>
            <subfield code="a">158 NAS</subfield>
            <subfield code="j">u</subfield>
          </datafield>
          <datafield tag="930" ind1=" " ind2=" ">
            <subfield code="5">920125201:247323195</subfield>
            <subfield code="b">920125201</subfield>
            <subfield code="j">b</subfield>
          </datafield>
          <datafield tag="915" ind1=" " ind2=" ">
            <subfield code="5">751052104:247226696</subfield>
            <subfield code="a">A/</subfield>
          </datafield>
          <datafield tag="930" ind1=" " ind2=" ">
            <subfield code="5">751052104:247226696</subfield>
            <subfield code="b">751052104</subfield>
            <subfield code="a">159.964.1 NAS</subfield>
            <subfield code="j">u</subfield>
          </datafield>
          <datafield tag="915" ind1=" " ind2=" ">
            <subfield code="5">930662101:262536692</subfield>
            <subfield code="b">025434559</subfield>
          </datafield>
          <datafield tag="930" ind1=" " ind2=" ">
            <subfield code="5">930662101:262536692</subfield>
            <subfield code="b">930662101</subfield>
            <subfield code="a">159.964.27 NAS</subfield>
            <subfield code="j">u</subfield>
          </datafield>
          <datafield tag="930" ind1=" " ind2=" ">
            <subfield code="5">920502102:253971845</subfield>
            <subfield code="b">920502102</subfield>
            <subfield code="a">159.964 NAS</subfield>
            <subfield code="j">u</subfield>
          </datafield>
          <datafield tag="915" ind1=" " ind2=" ">
            <subfield code="5">930792101:250244063</subfield>
            <subfield code="b">0152451619</subfield>
          </datafield>
          <datafield tag="930" ind1=" " ind2=" ">
            <subfield code="5">930792101:250244063</subfield>
            <subfield code="b">930792101</subfield>
            <subfield code="a">159.964 NAS</subfield>
            <subfield code="j">u</subfield>
          </datafield>
          <datafield tag="915" ind1=" " ind2=" ">
            <subfield code="5">751142102:245993630</subfield>
            <subfield code="a">70731</subfield>
            <subfield code="b">3310120609</subfield>
          </datafield>
          <datafield tag="930" ind1=" " ind2=" ">
            <subfield code="5">751142102:245993630</subfield>
            <subfield code="b">751142102</subfield>
            <subfield code="c">BCU</subfield>
            <subfield code="d">LAC</subfield>
            <subfield code="e">2000</subfield>
            <subfield code="a">159.964 NAS</subfield>
            <subfield code="j">u</subfield>
          </datafield>
        </record>
      </recordData>
      <recordPosition>9</recordPosition>
    </record>