
    <record>
      <recordSchema>dc</recordSchema>
      <recordPacking>xml</recordPacking>
      <recordData>
        <record xsi:schemaLocation="http://www.loc.gov/MARC21/slim http://www.loc.gov/standards/marcxml/schema/MARC21slim.xsd" xmlns="http://www.loc.gov/MARC21/slim" xmlns:xsi="http://www.w3.org/2001/XMLSchema-instance">
          <leader>03689cam0 2200841   4500</leader>
          <controlfield tag="001">089820088</controlfield>
          <controlfield tag="005">20051128113249.000</controlfield>
          <datafield tag="010" ind1=" " ind2=" ">
            <subfield code="a">2-84681-133-4</subfield>
            <subfield code="b">br.</subfield>
            <subfield code="d">14 EUR</subfield>
          </datafield>
          <datafield tag="035" ind1=" " ind2=" ">
            <subfield code="5">130012101</subfield>
            <subfield code="a">812420</subfield>
          </datafield>
          <datafield tag="100" ind1=" " ind2=" ">
            <subfield code="a">20050905d2005    m  y0frey0103    ba</subfield>
          </datafield>
          <datafield tag="101" ind1="1" ind2=" ">
            <subfield code="a">fre</subfield>
            <subfield code="c">ita</subfield>
          </datafield>
          <datafield tag="102" ind1=" " ind2=" ">
            <subfield code="a">FR</subfield>
          </datafield>
          <datafield tag="105" ind1=" " ind2=" ">
            <subfield code="a">y   ||||000by</subfield>
          </datafield>
          <datafield tag="106" ind1=" " ind2=" ">
            <subfield code="a">r</subfield>
          </datafield>
          <datafield tag="200" ind1="1" ind2=" ">
            <subfield code="a">Théâtre 1938-1965</subfield>
            <subfield code="b">Texte imprimé</subfield>
            <subfield code="f">Pier Paolo Pasolini</subfield>
            <subfield code="g">traduit de l'italien par Hervé Joubert-Laurencin &amp;amp; Caroline Michel</subfield>
            <subfield code="g">et du frioulan par Luigi Scandella</subfield>
            <subfield code="g">préface, Hervé Joubert-Laurencin</subfield>
          </datafield>
          <datafield tag="210" ind1=" " ind2=" ">
            <subfield code="a">Besançon</subfield>
            <subfield code="c">les Solitaires intempestifs</subfield>
            <subfield code="d">impr. 2005</subfield>
          </datafield>
          <datafield tag="215" ind1=" " ind2=" ">
            <subfield code="a">1 vol. (361 p.)</subfield>
            <subfield code="c">couv. ill.</subfield>
            <subfield code="d">18 cm</subfield>
          </datafield>
          <datafield tag="225" ind1="2" ind2=" ">
            <subfield code="a">Traductions du XXIe siècle</subfield>
          </datafield>
          <datafield tag="327" ind1="1" ind2=" ">
            <subfield code="a">Sa gloire</subfield>
            <subfield code="a">Oedipe à l'aube</subfield>
            <subfield code="a">Les Turcs au Frioul</subfield>
            <subfield code="a">Les enfants et les elfes</subfield>
            <subfield code="a">La poésie ou La joie</subfield>
            <subfield code="a">Un petit poisson</subfield>
            <subfield code="a">Vif et Conscience</subfield>
            <subfield code="a">Italie magique</subfield>
            <subfield code="a">1946 ! Histoire intérieure</subfield>
            <subfield code="a">Projet pour un spectacle sur le spectacle</subfield>
          </datafield>
          <datafield tag="410" ind1=" " ind2=" ">
            <subfield code="0">07627117X</subfield>
            <subfield code="t">Traductions du XXIe siècle</subfield>
            <subfield code="x">1763-1947</subfield>
          </datafield>
          <datafield tag="454" ind1=" " ind2=" ">
            <subfield code="t">&lt;?char 136 ?&gt;La &lt;?char 137 ?&gt;sua gloria</subfield>
          </datafield>
          <datafield tag="454" ind1=" " ind2=" ">
            <subfield code="t">Edipo all'alba</subfield>
          </datafield>
          <datafield tag="454" ind1=" " ind2=" ">
            <subfield code="t">&lt;?char 136 ?&gt;I &lt;?char 137 ?&gt;Turcs tal Friul</subfield>
          </datafield>
          <datafield tag="454" ind1=" " ind2=" ">
            <subfield code="t">&lt;?char 136 ?&gt;I &lt;?char 137 ?&gt;fanciulli e gli elfi</subfield>
          </datafield>
          <datafield tag="454" ind1=" " ind2=" ">
            <subfield code="t">&lt;?char 136 ?&gt;La &lt;?char 137 ?&gt;poesia e la gioia</subfield>
          </datafield>
          <datafield tag="454" ind1=" " ind2=" ">
            <subfield code="t">&lt;?char 136 ?&gt;Un &lt;?char 137 ?&gt;pesciolino</subfield>
          </datafield>
          <datafield tag="454" ind1=" " ind2=" ">
            <subfield code="t">Vivo e Conscienza</subfield>
          </datafield>
          <datafield tag="454" ind1=" " ind2=" ">
            <subfield code="t">Nel'46 !</subfield>
          </datafield>
          <datafield tag="454" ind1=" " ind2=" ">
            <subfield code="t">Progetto di uno spettacolo sullo spettacolo</subfield>
          </datafield>
          <datafield tag="676" ind1=" " ind2=" ">
            <subfield code="a">852</subfield>
            <subfield code="v">21</subfield>
          </datafield>
          <datafield tag="700" ind1=" " ind2="1">
            <subfield code="3">027059456</subfield>
            <subfield code="a">Pasolini</subfield>
            <subfield code="b">Pier Paolo</subfield>
            <subfield code="f">1922-1975</subfield>
            <subfield code="4">070</subfield>
          </datafield>
          <datafield tag="702" ind1=" " ind2="1">
            <subfield code="3">028821386</subfield>
            <subfield code="a">Joubert-Laurencin</subfield>
            <subfield code="b">Hervé</subfield>
            <subfield code="4">730</subfield>
            <subfield code="4">080</subfield>
          </datafield>
          <datafield tag="702" ind1=" " ind2="1">
            <subfield code="3">075176920</subfield>
            <subfield code="a">Michel</subfield>
            <subfield code="b">Caroline</subfield>
            <subfield code="4">730</subfield>
          </datafield>
          <datafield tag="702" ind1=" " ind2="1">
            <subfield code="3">093053142</subfield>
            <subfield code="a">Scandella</subfield>
            <subfield code="b">Luigi</subfield>
            <subfield code="4">730</subfield>
          </datafield>
          <datafield tag="801" ind1=" " ind2="3">
            <subfield code="a">FR</subfield>
            <subfield code="b">Abes</subfield>
            <subfield code="c">20051128</subfield>
            <subfield code="g">AFNOR</subfield>
          </datafield>
          <datafield tag="930" ind1=" " ind2=" ">
            <subfield code="5">130012101:246335963</subfield>
            <subfield code="b">130012101</subfield>
            <subfield code="l">794951</subfield>
            <subfield code="j">u</subfield>
          </datafield>
          <datafield tag="915" ind1=" " ind2=" ">
            <subfield code="5">490072106:243685629</subfield>
            <subfield code="b">32223005163571</subfield>
          </datafield>
          <datafield tag="930" ind1=" " ind2=" ">
            <subfield code="5">490072106:243685629</subfield>
            <subfield code="b">490072106</subfield>
            <subfield code="j">u</subfield>
          </datafield>
          <datafield tag="930" ind1=" " ind2=" ">
            <subfield code="5">335222103:249763257</subfield>
            <subfield code="b">335222103</subfield>
            <subfield code="a">N 850 PAS THE</subfield>
            <subfield code="j">u</subfield>
          </datafield>
          <datafield tag="930" ind1=" " ind2=" ">
            <subfield code="5">290192101:247211125</subfield>
            <subfield code="b">290192101</subfield>
            <subfield code="l">431805</subfield>
            <subfield code="e">BRUL</subfield>
            <subfield code="a">850 PAS T</subfield>
            <subfield code="j">u</subfield>
          </datafield>
          <datafield tag="930" ind1=" " ind2=" ">
            <subfield code="5">631132101:252902416</subfield>
            <subfield code="b">631132101</subfield>
            <subfield code="j">u</subfield>
          </datafield>
          <datafield tag="915" ind1=" " ind2=" ">
            <subfield code="5">912282101:244013241</subfield>
            <subfield code="b">1271254709</subfield>
          </datafield>
          <datafield tag="930" ind1=" " ind2=" ">
            <subfield code="5">912282101:244013241</subfield>
            <subfield code="b">912282101</subfield>
            <subfield code="a">852 PAS the</subfield>
            <subfield code="j">u</subfield>
          </datafield>
          <datafield tag="915" ind1=" " ind2=" ">
            <subfield code="5">384212101:246627719</subfield>
            <subfield code="a">XF13701</subfield>
          </datafield>
          <datafield tag="930" ind1=" " ind2=" ">
            <subfield code="5">384212101:246627719</subfield>
            <subfield code="b">384212101</subfield>
            <subfield code="a">85/8 PASO</subfield>
            <subfield code="j">u</subfield>
          </datafield>
          <datafield tag="930" ind1=" " ind2=" ">
            <subfield code="5">173002101:244324883</subfield>
            <subfield code="b">173002101</subfield>
            <subfield code="j">u</subfield>
          </datafield>
          <datafield tag="915" ind1=" " ind2=" ">
            <subfield code="5">574632105:247952346</subfield>
            <subfield code="a">50706L</subfield>
            <subfield code="b">0400020616</subfield>
          </datafield>
          <datafield tag="930" ind1=" " ind2=" ">
            <subfield code="5">574632105:247952346</subfield>
            <subfield code="b">574632105</subfield>
            <subfield code="c">osscl</subfield>
            <subfield code="a">852.91 PAS</subfield>
            <subfield code="j">u</subfield>
          </datafield>
          <datafield tag="990" ind1=" " ind2=" ">
            <subfield code="5">574632105:247952346</subfield>
            <subfield code="0">6</subfield>
          </datafield>
          <datafield tag="992" ind1=" " ind2=" ">
            <subfield code="5">574632105:247952346</subfield>
            <subfield code="a">852.91</subfield>
            <subfield code="2">21</subfield>
          </datafield>
          <datafield tag="930" ind1=" " ind2=" ">
            <subfield code="5">341722103:248190350</subfield>
            <subfield code="b">341722103</subfield>
            <subfield code="a">850"19" PAS.P 2</subfield>
            <subfield code="j">u</subfield>
          </datafield>
          <datafield tag="930" ind1=" " ind2=" ">
            <subfield code="5">441092102:246325062</subfield>
            <subfield code="b">441092102</subfield>
            <subfield code="a">852 PAS</subfield>
            <subfield code="j">u</subfield>
          </datafield>
          <datafield tag="930" ind1=" " ind2=" ">
            <subfield code="5">452342103:246126183</subfield>
            <subfield code="b">452342103</subfield>
            <subfield code="a">L 05-3737</subfield>
            <subfield code="j">u</subfield>
          </datafield>
          <datafield tag="930" ind1=" " ind2=" ">
            <subfield code="5">861942101:260450235</subfield>
            <subfield code="b">861942101</subfield>
            <subfield code="j">u</subfield>
          </datafield>
          <datafield tag="915" ind1=" " ind2=" ">
            <subfield code="5">514542102:246743441</subfield>
            <subfield code="a">DL05006681</subfield>
          </datafield>
          <datafield tag="917" ind1=" " ind2=" ">
            <subfield code="5">514542102:246743441</subfield>
            <subfield code="a">aaax</subfield>
          </datafield>
          <datafield tag="930" ind1=" " ind2=" ">
            <subfield code="5">514542102:246743441</subfield>
            <subfield code="b">514542102</subfield>
            <subfield code="a">85/6 PASO 1 the</subfield>
            <subfield code="j">u</subfield>
          </datafield>
          <datafield tag="999" ind1=" " ind2=" ">
            <subfield code="5">514542102:246743441</subfield>
            <subfield code="a">LEOUV</subfield>
            <subfield code="b">aROSE</subfield>
          </datafield>
          <datafield tag="930" ind1=" " ind2=" ">
            <subfield code="5">422182101:250276135</subfield>
            <subfield code="b">422182101</subfield>
            <subfield code="j">u</subfield>
          </datafield>
          <datafield tag="930" ind1=" " ind2=" ">
            <subfield code="5">674821001:239251385</subfield>
            <subfield code="b">674821001</subfield>
            <subfield code="a">CJ.228.042</subfield>
            <subfield code="j">u</subfield>
          </datafield>
          <datafield tag="990" ind1=" " ind2=" ">
            <subfield code="5">674821001:239251385</subfield>
            <subfield code="0">FBFL</subfield>
          </datafield>
          <datafield tag="992" ind1=" " ind2=" ">
            <subfield code="5">674821001:239251385</subfield>
            <subfield code="a">852</subfield>
            <subfield code="2">21</subfield>
          </datafield>
          <datafield tag="930" ind1=" " ind2=" ">
            <subfield code="5">751052102:268618704</subfield>
            <subfield code="b">751052102</subfield>
            <subfield code="a">850 PAS</subfield>
            <subfield code="j">u</subfield>
          </datafield>
          <datafield tag="930" ind1=" " ind2=" ">
            <subfield code="5">751082101:246414715</subfield>
            <subfield code="b">751082101</subfield>
            <subfield code="a">IT 16055</subfield>
            <subfield code="j">u</subfield>
          </datafield>
          <datafield tag="915" ind1=" " ind2=" ">
            <subfield code="5">930662101:250260700</subfield>
            <subfield code="b">025434511</subfield>
          </datafield>
          <datafield tag="930" ind1=" " ind2=" ">
            <subfield code="5">930662101:250260700</subfield>
            <subfield code="b">930662101</subfield>
            <subfield code="a">850"19" PAS 2</subfield>
            <subfield code="j">u</subfield>
          </datafield>
          <datafield tag="915" ind1=" " ind2=" ">
            <subfield code="5">751052116:244923744</subfield>
            <subfield code="a">B10807058</subfield>
            <subfield code="b">9108329677</subfield>
          </datafield>
          <datafield tag="917" ind1=" " ind2=" ">
            <subfield code="5">751052116:244923744</subfield>
            <subfield code="a">aaba</subfield>
          </datafield>
          <datafield tag="930" ind1=" " ind2=" ">
            <subfield code="5">751052116:244923744</subfield>
            <subfield code="b">751052116</subfield>
            <subfield code="a">8 Y SUP 92900</subfield>
            <subfield code="j">s</subfield>
          </datafield>
          <datafield tag="915" ind1=" " ind2=" ">
            <subfield code="5">751052144:246750561</subfield>
            <subfield code="b">3350559720</subfield>
            <subfield code="a">M21</subfield>
          </datafield>
          <datafield tag="930" ind1=" " ind2=" ">
            <subfield code="5">751052144:246750561</subfield>
            <subfield code="b">751052144</subfield>
            <subfield code="a">85/4 PAS th</subfield>
            <subfield code="j">i</subfield>
          </datafield>
          <datafield tag="999" ind1=" " ind2=" ">
            <subfield code="5">751052144:246750561</subfield>
            <subfield code="a">EM</subfield>
            <subfield code="b">ITA4B</subfield>
          </datafield>
          <datafield tag="930" ind1=" " ind2=" ">
            <subfield code="5">870852302:247955302</subfield>
            <subfield code="b">870852302</subfield>
            <subfield code="j">u</subfield>
          </datafield>
        </record>
      </recordData>
      <recordPosition>10</recordPosition>
    </record>