
    <record>
      <recordSchema>dc</recordSchema>
      <recordPacking>xml</recordPacking>
      <recordData>
        <record xsi:schemaLocation="http://www.loc.gov/MARC21/slim http://www.loc.gov/standards/marcxml/schema/MARC21slim.xsd" xmlns="http://www.loc.gov/MARC21/slim" xmlns:xsi="http://www.w3.org/2001/XMLSchema-instance">
          <leader>04602cam0 2201057   4500</leader>
          <controlfield tag="001">087392232</controlfield>
          <controlfield tag="005">20060310122634.000</controlfield>
          <datafield tag="010" ind1=" " ind2=" ">
            <subfield code="a">2-13-055136-x</subfield>
            <subfield code="b">br.</subfield>
            <subfield code="d">8,00 EUR</subfield>
          </datafield>
          <datafield tag="035" ind1=" " ind2=" ">
            <subfield code="5">490072106</subfield>
            <subfield code="a">446189</subfield>
          </datafield>
          <datafield tag="100" ind1=" " ind2=" ">
            <subfield code="a">20050523d2005    m  y0frey0103    ba</subfield>
          </datafield>
          <datafield tag="101" ind1="0" ind2=" ">
            <subfield code="a">fre</subfield>
            <subfield code="f">fre</subfield>
          </datafield>
          <datafield tag="102" ind1=" " ind2=" ">
            <subfield code="a">FR</subfield>
          </datafield>
          <datafield tag="105" ind1=" " ind2=" ">
            <subfield code="a">y   a   000yy</subfield>
          </datafield>
          <datafield tag="106" ind1=" " ind2=" ">
            <subfield code="a">r</subfield>
          </datafield>
          <datafield tag="200" ind1="1" ind2=" ">
            <subfield code="a">&lt;?char 136 ?&gt;Le &lt;?char 137 ?&gt;complexe d'Oedipe</subfield>
            <subfield code="b">Texte imprimé</subfield>
            <subfield code="f">Roger Perron,... Michèle Perron-Borelli,...</subfield>
          </datafield>
          <datafield tag="205" ind1=" " ind2=" ">
            <subfield code="a">4e édition mise à jour</subfield>
          </datafield>
          <datafield tag="210" ind1=" " ind2=" ">
            <subfield code="a">Paris</subfield>
            <subfield code="c">Presses universitaires de France</subfield>
            <subfield code="d">impr. 2005</subfield>
          </datafield>
          <datafield tag="215" ind1=" " ind2=" ">
            <subfield code="a">1 vol. (127 p.)</subfield>
            <subfield code="d">18 cm</subfield>
          </datafield>
          <datafield tag="225" ind1="2" ind2=" ">
            <subfield code="a">Que sais-je ?</subfield>
            <subfield code="v">2899</subfield>
          </datafield>
          <datafield tag="320" ind1=" " ind2=" ">
            <subfield code="a">Bibliogr. p. 125-126</subfield>
          </datafield>
          <datafield tag="410" ind1=" " ind2=" ">
            <subfield code="0">013300164</subfield>
            <subfield code="t">Que sais-je ?</subfield>
            <subfield code="x">0768-0066</subfield>
            <subfield code="v">2899</subfield>
          </datafield>
          <datafield tag="606" ind1="1" ind2=" ">
            <subfield code="3">040750280</subfield>
            <subfield code="a">Complexe Oedipe</subfield>
            <subfield code="2">fmesh</subfield>
          </datafield>
          <datafield tag="606" ind1="1" ind2=" ">
            <subfield code="3">027230600</subfield>
            <subfield code="a">Complexe d'Oedipe</subfield>
            <subfield code="2">rameau</subfield>
          </datafield>
          <datafield tag="675" ind1=" " ind2=" ">
            <subfield code="a">1</subfield>
            <subfield code="v">Éd. 1967</subfield>
          </datafield>
          <datafield tag="675" ind1=" " ind2=" ">
            <subfield code="a">150.195</subfield>
            <subfield code="v">21</subfield>
            <subfield code="z">fre</subfield>
          </datafield>
          <datafield tag="676" ind1=" " ind2=" ">
            <subfield code="a">155</subfield>
          </datafield>
          <datafield tag="700" ind1=" " ind2="1">
            <subfield code="3">027067122</subfield>
            <subfield code="a">Perron</subfield>
            <subfield code="b">Roger</subfield>
            <subfield code="4">070</subfield>
          </datafield>
          <datafield tag="701" ind1=" " ind2="1">
            <subfield code="3">027067084</subfield>
            <subfield code="a">Perron-Borelli</subfield>
            <subfield code="b">Michèle</subfield>
            <subfield code="4">070</subfield>
          </datafield>
          <datafield tag="801" ind1=" " ind2="3">
            <subfield code="a">FR</subfield>
            <subfield code="b">Abes</subfield>
            <subfield code="c">20060310</subfield>
            <subfield code="g">AFNOR</subfield>
          </datafield>
          <datafield tag="915" ind1=" " ind2=" ">
            <subfield code="5">490072106:237118742</subfield>
            <subfield code="b">32223010320166</subfield>
          </datafield>
          <datafield tag="930" ind1=" " ind2=" ">
            <subfield code="5">490072106:237118742</subfield>
            <subfield code="b">490072106</subfield>
            <subfield code="j">u</subfield>
          </datafield>
          <datafield tag="930" ind1=" " ind2=" ">
            <subfield code="5">490072104:252380487</subfield>
            <subfield code="b">490072104</subfield>
            <subfield code="j">u</subfield>
          </datafield>
          <datafield tag="915" ind1=" " ind2=" ">
            <subfield code="5">973022101:249823764</subfield>
            <subfield code="b">0610354653</subfield>
          </datafield>
          <datafield tag="930" ind1=" " ind2=" ">
            <subfield code="5">973022101:249823764</subfield>
            <subfield code="b">973022101</subfield>
            <subfield code="a">150.195 PER</subfield>
            <subfield code="j">u</subfield>
          </datafield>
          <datafield tag="915" ind1=" " ind2=" ">
            <subfield code="5">840072101:235198196</subfield>
            <subfield code="b">0212144214</subfield>
          </datafield>
          <datafield tag="930" ind1=" " ind2=" ">
            <subfield code="5">840072101:235198196</subfield>
            <subfield code="b">840072101</subfield>
            <subfield code="c">Salle d'actualité</subfield>
            <subfield code="a">QSJ 2899</subfield>
            <subfield code="j">g</subfield>
          </datafield>
          <datafield tag="992" ind1=" " ind2=" ">
            <subfield code="5">840072101:235198196</subfield>
            <subfield code="a">155</subfield>
            <subfield code="2">cdd</subfield>
          </datafield>
          <datafield tag="915" ind1=" " ind2=" ">
            <subfield code="5">250562101:246524685</subfield>
            <subfield code="b">1147066962</subfield>
          </datafield>
          <datafield tag="930" ind1=" " ind2=" ">
            <subfield code="5">250562101:246524685</subfield>
            <subfield code="b">250562101</subfield>
            <subfield code="a">857662</subfield>
            <subfield code="j">g</subfield>
          </datafield>
          <datafield tag="930" ind1=" " ind2=" ">
            <subfield code="5">330632102:235619752</subfield>
            <subfield code="b">330632102</subfield>
            <subfield code="a">150.195 PER</subfield>
            <subfield code="j">g</subfield>
          </datafield>
          <datafield tag="930" ind1=" " ind2=" ">
            <subfield code="5">290192101:247384895</subfield>
            <subfield code="b">290192101</subfield>
            <subfield code="l">428118</subfield>
            <subfield code="e">BRUL</subfield>
            <subfield code="a">030 QUE</subfield>
            <subfield code="j">u</subfield>
          </datafield>
          <datafield tag="915" ind1=" " ind2=" ">
            <subfield code="5">141182101:262678500</subfield>
            <subfield code="b">0063773758</subfield>
            <subfield code="d">260175</subfield>
            <subfield code="e">2899 B</subfield>
          </datafield>
          <datafield tag="917" ind1=" " ind2=" ">
            <subfield code="5">141182101:262678500</subfield>
            <subfield code="a">aaaa</subfield>
          </datafield>
          <datafield tag="930" ind1=" " ind2=" ">
            <subfield code="5">141182101:262678500</subfield>
            <subfield code="b">141182101</subfield>
            <subfield code="d">BUDL</subfield>
            <subfield code="l">DLCG</subfield>
            <subfield code="a">260175 2899 B</subfield>
            <subfield code="j">u</subfield>
          </datafield>
          <datafield tag="915" ind1=" " ind2=" ">
            <subfield code="5">740112101:239897714</subfield>
            <subfield code="a">N A7087</subfield>
            <subfield code="b">10067087</subfield>
          </datafield>
          <datafield tag="930" ind1=" " ind2=" ">
            <subfield code="5">740112101:239897714</subfield>
            <subfield code="b">740112101</subfield>
            <subfield code="a">030 que 2899</subfield>
            <subfield code="j">u</subfield>
          </datafield>
          <datafield tag="999" ind1=" " ind2=" ">
            <subfield code="5">740112101:239897714</subfield>
            <subfield code="a">LIV</subfield>
            <subfield code="b">ANGEN</subfield>
          </datafield>
          <datafield tag="915" ind1=" " ind2=" ">
            <subfield code="5">731372101:252167457</subfield>
            <subfield code="a">N L37282</subfield>
            <subfield code="b">0322357478</subfield>
          </datafield>
          <datafield tag="930" ind1=" " ind2=" ">
            <subfield code="5">731372101:252167457</subfield>
            <subfield code="b">731372101</subfield>
            <subfield code="a">030 que 2899</subfield>
            <subfield code="j">u</subfield>
          </datafield>
          <datafield tag="999" ind1=" " ind2=" ">
            <subfield code="5">731372101:252167457</subfield>
            <subfield code="a">LIV</subfield>
            <subfield code="b">LIVLA</subfield>
          </datafield>
          <datafield tag="930" ind1=" " ind2=" ">
            <subfield code="5">212312101:240043073</subfield>
            <subfield code="b">212312101</subfield>
            <subfield code="a">000/1/2899 B</subfield>
            <subfield code="j">u</subfield>
          </datafield>
          <datafield tag="915" ind1=" " ind2=" ">
            <subfield code="5">912282101:236158929</subfield>
            <subfield code="b">1271256697</subfield>
          </datafield>
          <datafield tag="930" ind1=" " ind2=" ">
            <subfield code="5">912282101:236158929</subfield>
            <subfield code="b">912282101</subfield>
            <subfield code="a">030 QUE 2899</subfield>
            <subfield code="j">u</subfield>
          </datafield>
          <datafield tag="930" ind1=" " ind2=" ">
            <subfield code="5">173002101:247986658</subfield>
            <subfield code="b">173002101</subfield>
            <subfield code="j">u</subfield>
          </datafield>
          <datafield tag="915" ind1=" " ind2=" ">
            <subfield code="5">693872305:232300372</subfield>
            <subfield code="b">134465</subfield>
          </datafield>
          <datafield tag="930" ind1=" " ind2=" ">
            <subfield code="5">693872305:232300372</subfield>
            <subfield code="b">693872305</subfield>
            <subfield code="a">QSJ 2899</subfield>
            <subfield code="j">s</subfield>
          </datafield>
          <datafield tag="915" ind1=" " ind2=" ">
            <subfield code="5">543952103:233222278</subfield>
            <subfield code="a">0R 6/2899 ter</subfield>
            <subfield code="b">0542022666</subfield>
          </datafield>
          <datafield tag="930" ind1=" " ind2=" ">
            <subfield code="5">543952103:233222278</subfield>
            <subfield code="b">543952103</subfield>
            <subfield code="c">AL</subfield>
            <subfield code="a">R 6/2899 ter</subfield>
            <subfield code="j">u</subfield>
          </datafield>
          <datafield tag="999" ind1=" " ind2=" ">
            <subfield code="5">543952103:233222278</subfield>
            <subfield code="a">2ESP</subfield>
            <subfield code="b">2ALCOL</subfield>
          </datafield>
          <datafield tag="915" ind1=" " ind2=" ">
            <subfield code="5">543952108:234715820</subfield>
            <subfield code="a">18247</subfield>
            <subfield code="b">D18247</subfield>
          </datafield>
          <datafield tag="930" ind1=" " ind2=" ">
            <subfield code="5">543952108:234715820</subfield>
            <subfield code="b">543952108</subfield>
            <subfield code="a">150.195 PER c</subfield>
            <subfield code="j">u</subfield>
          </datafield>
          <datafield tag="930" ind1=" " ind2=" ">
            <subfield code="5">441092102:251957225</subfield>
            <subfield code="b">441092102</subfield>
            <subfield code="a">150.195 PER</subfield>
            <subfield code="j">u</subfield>
          </datafield>
          <datafield tag="915" ind1=" " ind2=" ">
            <subfield code="5">060882105:247400092</subfield>
            <subfield code="a">25641-05-A</subfield>
            <subfield code="b">0940014162</subfield>
          </datafield>
          <datafield tag="917" ind1=" " ind2=" ">
            <subfield code="5">060882105:247400092</subfield>
            <subfield code="a">aaac</subfield>
          </datafield>
          <datafield tag="930" ind1=" " ind2=" ">
            <subfield code="5">060882105:247400092</subfield>
            <subfield code="b">060882105</subfield>
            <subfield code="c">BU-STJ</subfield>
            <subfield code="d">PSYCHO</subfield>
            <subfield code="a">BF 175 .5 . O33</subfield>
            <subfield code="j">u</subfield>
          </datafield>
          <datafield tag="915" ind1=" " ind2=" ">
            <subfield code="5">060882105:250551705</subfield>
            <subfield code="a">25781-01-A</subfield>
            <subfield code="b">0940014264</subfield>
          </datafield>
          <datafield tag="917" ind1=" " ind2=" ">
            <subfield code="5">060882105:250551705</subfield>
            <subfield code="a">aaac</subfield>
          </datafield>
          <datafield tag="930" ind1=" " ind2=" ">
            <subfield code="5">060882105:250551705</subfield>
            <subfield code="b">060882105</subfield>
            <subfield code="c">BU-STJ</subfield>
            <subfield code="d">PSYCHO</subfield>
            <subfield code="a">BF 175 .5 .O33 PER</subfield>
            <subfield code="j">u</subfield>
          </datafield>
          <datafield tag="930" ind1=" " ind2=" ">
            <subfield code="5">352382103:24548471X</subfield>
            <subfield code="b">352382103</subfield>
            <subfield code="a">WM 460 PER V516952</subfield>
            <subfield code="j">u</subfield>
          </datafield>
          <datafield tag="915" ind1=" " ind2=" ">
            <subfield code="5">352382101:236703021</subfield>
            <subfield code="a">0286225179</subfield>
            <subfield code="b">0286225179</subfield>
          </datafield>
          <datafield tag="917" ind1=" " ind2=" ">
            <subfield code="5">352382101:236703021</subfield>
            <subfield code="a">aaaa</subfield>
          </datafield>
          <datafield tag="930" ind1=" " ind2=" ">
            <subfield code="5">352382101:236703021</subfield>
            <subfield code="b">352382101</subfield>
            <subfield code="a">R 1009/2899/3</subfield>
            <subfield code="j">u</subfield>
            <subfield code="g">000</subfield>
          </datafield>
          <datafield tag="915" ind1=" " ind2=" ">
            <subfield code="5">764512101:240425553</subfield>
            <subfield code="a">R142/2899(2005)</subfield>
            <subfield code="b">2000185734</subfield>
          </datafield>
          <datafield tag="930" ind1=" " ind2=" ">
            <subfield code="5">764512101:240425553</subfield>
            <subfield code="b">764512101</subfield>
            <subfield code="a">03 QSJ</subfield>
            <subfield code="j">u</subfield>
          </datafield>
          <datafield tag="930" ind1=" " ind2=" ">
            <subfield code="5">751132102:236314971</subfield>
            <subfield code="b">751132102</subfield>
            <subfield code="j">u</subfield>
          </datafield>
          <datafield tag="930" ind1=" " ind2=" ">
            <subfield code="5">751052102:239661621</subfield>
            <subfield code="b">751052102</subfield>
            <subfield code="a">R 23-2899</subfield>
            <subfield code="j">u</subfield>
          </datafield>
          <datafield tag="930" ind1=" " ind2=" ">
            <subfield code="5">920125201:239193210</subfield>
            <subfield code="b">920125201</subfield>
            <subfield code="j">b</subfield>
          </datafield>
          <datafield tag="915" ind1=" " ind2=" ">
            <subfield code="5">751052104:272488771</subfield>
            <subfield code="a">A/</subfield>
          </datafield>
          <datafield tag="930" ind1=" " ind2=" ">
            <subfield code="5">751052104:272488771</subfield>
            <subfield code="b">751052104</subfield>
            <subfield code="a">Q 2899</subfield>
            <subfield code="j">u</subfield>
          </datafield>
          <datafield tag="915" ind1=" " ind2=" ">
            <subfield code="5">930662101:262507862</subfield>
            <subfield code="b">025440424</subfield>
          </datafield>
          <datafield tag="930" ind1=" " ind2=" ">
            <subfield code="5">930662101:262507862</subfield>
            <subfield code="b">930662101</subfield>
            <subfield code="a">159.964.27 PER</subfield>
            <subfield code="j">u</subfield>
          </datafield>
          <datafield tag="930" ind1=" " ind2=" ">
            <subfield code="5">920502102:24164674X</subfield>
            <subfield code="b">920502102</subfield>
            <subfield code="a">R535(2899,4)</subfield>
            <subfield code="j">g</subfield>
          </datafield>
          <datafield tag="915" ind1=" " ind2=" ">
            <subfield code="5">930082101:247647861</subfield>
            <subfield code="b">0760837422</subfield>
          </datafield>
          <datafield tag="930" ind1=" " ind2=" ">
            <subfield code="5">930082101:247647861</subfield>
            <subfield code="b">930082101</subfield>
            <subfield code="a">WM 460 PER</subfield>
            <subfield code="j">u</subfield>
          </datafield>
          <datafield tag="915" ind1=" " ind2=" ">
            <subfield code="5">751142102:239213351</subfield>
            <subfield code="a">5273</subfield>
            <subfield code="b">3310105590</subfield>
          </datafield>
          <datafield tag="930" ind1=" " ind2=" ">
            <subfield code="5">751142102:239213351</subfield>
            <subfield code="b">751142102</subfield>
            <subfield code="c">BCU</subfield>
            <subfield code="d">LAC</subfield>
            <subfield code="e">2000</subfield>
            <subfield code="a">P 2259(2899)</subfield>
            <subfield code="j">u</subfield>
          </datafield>
          <datafield tag="930" ind1=" " ind2=" ">
            <subfield code="5">693822301:237074443</subfield>
            <subfield code="b">693822301</subfield>
            <subfield code="a">LFCC 109.B-2899</subfield>
            <subfield code="j">u</subfield>
          </datafield>
          <datafield tag="930" ind1=" " ind2=" ">
            <subfield code="5">692662301:245340831</subfield>
            <subfield code="b">692662301</subfield>
            <subfield code="a">HU</subfield>
            <subfield code="j">g</subfield>
          </datafield>
          <datafield tag="915" ind1=" " ind2=" ">
            <subfield code="5">751052144:246601094</subfield>
            <subfield code="a">Q6</subfield>
            <subfield code="b">3350536356</subfield>
          </datafield>
          <datafield tag="930" ind1=" " ind2=" ">
            <subfield code="5">751052144:246601094</subfield>
            <subfield code="b">751052144</subfield>
            <subfield code="a">159.01 PER</subfield>
            <subfield code="j">i</subfield>
          </datafield>
          <datafield tag="999" ind1=" " ind2=" ">
            <subfield code="5">751052144:246601094</subfield>
            <subfield code="a">EM</subfield>
            <subfield code="b">PSY3A</subfield>
          </datafield>
        </record>
      </recordData>
      <recordPosition>11</recordPosition>
    </record>