
    <record>
      <recordSchema>dc</recordSchema>
      <recordPacking>xml</recordPacking>
      <recordData>
        <record xsi:schemaLocation="http://www.loc.gov/MARC21/slim http://www.loc.gov/standards/marcxml/schema/MARC21slim.xsd" xmlns="http://www.loc.gov/MARC21/slim" xmlns:xsi="http://www.w3.org/2001/XMLSchema-instance">
          <leader>01094nam0 2200289   4500</leader>
          <controlfield tag="001">099064537</controlfield>
          <controlfield tag="005">20060412111701.000</controlfield>
          <datafield tag="010" ind1=" " ind2=" ">
            <subfield code="a">1-558-49453-7</subfield>
            <subfield code="b">rel.</subfield>
          </datafield>
          <datafield tag="010" ind1=" " ind2=" ">
            <subfield code="a">1-558-49454-5</subfield>
            <subfield code="b">br.</subfield>
          </datafield>
          <datafield tag="100" ind1=" " ind2=" ">
            <subfield code="a">20060412d2004    m  y0frey0103    ba</subfield>
          </datafield>
          <datafield tag="101" ind1="1" ind2=" ">
            <subfield code="a">eng</subfield>
            <subfield code="c">grc</subfield>
          </datafield>
          <datafield tag="102" ind1=" " ind2=" ">
            <subfield code="a">US</subfield>
          </datafield>
          <datafield tag="105" ind1=" " ind2=" ">
            <subfield code="a">y   a   000by</subfield>
          </datafield>
          <datafield tag="106" ind1=" " ind2=" ">
            <subfield code="a">r</subfield>
          </datafield>
          <datafield tag="200" ind1="1" ind2=" ">
            <subfield code="a">&lt;?char 136 ?&gt;The &lt;?char 137 ?&gt;Oedipus plays of Sophocles</subfield>
            <subfield code="b">Texte imprimé</subfield>
            <subfield code="f">translated by Robert Bagg</subfield>
            <subfield code="g">introductions and notes by Robert Bagg and Mary Bagg</subfield>
          </datafield>
          <datafield tag="210" ind1=" " ind2=" ">
            <subfield code="a">Amherst</subfield>
            <subfield code="a">Boston</subfield>
            <subfield code="c">University of Massachusetts press</subfield>
            <subfield code="d">cop. 2004</subfield>
          </datafield>
          <datafield tag="215" ind1=" " ind2=" ">
            <subfield code="a">1 vol. (XII-269 p.)</subfield>
            <subfield code="c">couv. ill.</subfield>
            <subfield code="d">26 cm</subfield>
          </datafield>
          <datafield tag="320" ind1=" " ind2=" ">
            <subfield code="a">Bibliogr. p. [267]-269. Notes bibliogr.</subfield>
          </datafield>
          <datafield tag="327" ind1="1" ind2=" ">
            <subfield code="a">Oedipus the king</subfield>
            <subfield code="a">Oedipus at Kolonos</subfield>
            <subfield code="a">Antigone</subfield>
          </datafield>
          <datafield tag="500" ind1=" " ind2=" ">
            <subfield code="3">028200802</subfield>
            <subfield code="a">Antigone</subfield>
            <subfield code="m">anglais</subfield>
            <subfield code="k">2004</subfield>
          </datafield>
          <datafield tag="500" ind1=" " ind2=" ">
            <subfield code="3">030706777</subfield>
            <subfield code="a">Oedipe roi</subfield>
            <subfield code="m">anglais</subfield>
            <subfield code="k">2004</subfield>
          </datafield>
          <datafield tag="500" ind1=" " ind2=" ">
            <subfield code="3">030549566</subfield>
            <subfield code="a">Oedipe à Colone</subfield>
            <subfield code="m">anglais</subfield>
            <subfield code="k">2004</subfield>
          </datafield>
          <datafield tag="700" ind1=" " ind2="0">
            <subfield code="3">027143619</subfield>
            <subfield code="a">Sophocle</subfield>
            <subfield code="f">0496?-0406 av. J.-C.</subfield>
            <subfield code="4">070</subfield>
          </datafield>
          <datafield tag="702" ind1=" " ind2="1">
            <subfield code="3">099065576</subfield>
            <subfield code="a">Bagg</subfield>
            <subfield code="b">Robert</subfield>
            <subfield code="4">730</subfield>
          </datafield>
          <datafield tag="702" ind1=" " ind2="1">
            <subfield code="3">099065746</subfield>
            <subfield code="a">Bagg</subfield>
            <subfield code="b">Mary</subfield>
          </datafield>
          <datafield tag="801" ind1=" " ind2="3">
            <subfield code="a">FR</subfield>
            <subfield code="b">Abes</subfield>
            <subfield code="c">20060412</subfield>
            <subfield code="g">AFNOR</subfield>
          </datafield>
          <datafield tag="930" ind1=" " ind2=" ">
            <subfield code="5">590092306:266621279</subfield>
            <subfield code="b">590092306</subfield>
            <subfield code="j">g</subfield>
          </datafield>
        </record>
      </recordData>
      <recordPosition>12</recordPosition>
    </record>