
    <record>
      <recordSchema>dc</recordSchema>
      <recordPacking>xml</recordPacking>
      <recordData>
        <record xsi:schemaLocation="http://www.loc.gov/MARC21/slim http://www.loc.gov/standards/marcxml/schema/MARC21slim.xsd" xmlns="http://www.loc.gov/MARC21/slim" xmlns:xsi="http://www.w3.org/2001/XMLSchema-instance">
          <leader>05005nam0 2200337   4500</leader>
          <controlfield tag="001">088557960</controlfield>
          <controlfield tag="005">20050711134338.000</controlfield>
          <datafield tag="035" ind1=" " ind2=" ">
            <subfield code="5">751052102</subfield>
            <subfield code="a">ALP390565</subfield>
          </datafield>
          <datafield tag="100" ind1=" " ind2=" ">
            <subfield code="a">20050711d2004    k  y0frey0103    ba</subfield>
          </datafield>
          <datafield tag="101" ind1="0" ind2=" ">
            <subfield code="a">fre</subfield>
            <subfield code="d">fre</subfield>
            <subfield code="d">eng</subfield>
            <subfield code="e">fre</subfield>
            <subfield code="f">fre</subfield>
            <subfield code="i">fre</subfield>
          </datafield>
          <datafield tag="102" ind1=" " ind2=" ">
            <subfield code="a">FR</subfield>
          </datafield>
          <datafield tag="105" ind1=" " ind2=" ">
            <subfield code="a">y   m   000yy</subfield>
          </datafield>
          <datafield tag="106" ind1=" " ind2=" ">
            <subfield code="a">r</subfield>
          </datafield>
          <datafield tag="200" ind1="1" ind2=" ">
            <subfield code="a">Problématique du double cinématographique dans Oedipe roi de Pier Paolo Pasolini, Hiroshima mon amour d'Alain Resnais et dans les analyses critiques d'André Bazin</subfield>
            <subfield code="b">Texte imprimé</subfield>
            <subfield code="f">Florence Bernard de Courville</subfield>
            <subfield code="g">sous la direction de Jean-Louis Leutrat</subfield>
          </datafield>
          <datafield tag="210" ind1=" " ind2=" ">
            <subfield code="a">[S. l.]</subfield>
            <subfield code="c">[s. n.]</subfield>
            <subfield code="d">2004</subfield>
          </datafield>
          <datafield tag="215" ind1=" " ind2=" ">
            <subfield code="a">2 vol. (447 f.)</subfield>
            <subfield code="d">30cm</subfield>
          </datafield>
          <datafield tag="310" ind1=" " ind2=" ">
            <subfield code="a">Publication autorisée par le jury</subfield>
          </datafield>
          <datafield tag="320" ind1=" " ind2=" ">
            <subfield code="a">Bibliogr. f. 407-447</subfield>
          </datafield>
          <datafield tag="330" ind1=" " ind2=" ">
            <subfield code="a">Œdipe roi de Pier Paolo Pasolini (1967), Hiroshima mon amour d&amp;amp;#x2019;Alain Resnais (1959) et les textes critiques d&amp;amp;#x2019;André Bazin se donnent à la fois comme les témoins et les acteurs d&amp;amp;#x2019;une relation théorique en acte qui se propose de réfléchir à la notion de mimesis dans la modernité cinématographique. Ces trois systèmes sont le fondement d&amp;amp;#x2019;une interrogation sur la représentation et l&amp;amp;#x2019;imitation cinématographiques au sein de ce que Jacques Rancière nomme &amp;amp;#x00ab; le régime esthétique de l&amp;amp;#x2019;art &amp;amp;#x00bb;, à partir d&amp;amp;#x2019;un retour vers ce qui constitue l&amp;amp;#x2019;essence de la mimesis : les textes de Platon et ceux d&amp;amp;#x2019;Aristote. Une hypothèse est ici avancée : du cinéma moderne émergerait un paradoxe, celui du double cinématographique, suivant lequel le cinéma serait à la fois présenté comme une duplication, la reproduction parfaite de son modèle, reproduction qui double le monde jusqu&amp;amp;#x2019;à se confondre avec lui, et comme le double grotesque des corps, ressemblance trompeuse, épuisée, imitation dérisoire d&amp;amp;#x2019;un modèle. Ce double statut implique que la duplication cinématographique soit régie par une logique du même et de l&amp;amp;#x2019;autre, de l&amp;amp;#x2019;identité et de la différence, de la présence et de l&amp;amp;#x2019;absence. Cette émergence de la mimesis au cœur du cinématographique soustrait la copie cinématographique, le double, à la valeur de l&amp;amp;#x2019;imitation ontique, saisie comme imitatio, comme action de reproduire ou de chercher à reproduire suivant la logique de l&amp;amp;#x2019;homo&amp;amp;#x0308;iosis, d&amp;amp;#x2019;où la nécessité d&amp;amp;#x2019;étudier les  conséquences de l&amp;amp;#x2019;immersion de ce concept antique dans la notion de modernité cinématographique.</subfield>
          </datafield>
          <datafield tag="330" ind1=" " ind2=" ">
            <subfield code="a">Edipo Re by Pier Paolo Pasolini, Hiroshima mon amour by Alain Resnais and reviews by André Bazin are the testimonies of a theory which tackles the problem of mimesis in the &amp;amp;#x00b2;cinema modernity &amp;amp;#x00b2;; this modernity has been raised by Gilles Deleuze. Those three systems are the basis of a questioning about the representation and imitation in cinema, within Jacques Rancière calls &amp;amp;#x00b2; the &amp;amp;#x2018;aesthetic&amp;amp;#x2019; form of art&amp;amp;#x00b2;, a questioning based on the first texts dealing with mimesis : the works by Plato and Aristotle.  Let&amp;amp;#x2019;s bring forward the following hypothesis : modern cinema has emphasized a paradox entitled &amp;amp;#x00b2; double cinématographique &amp;amp;#x00b2;, implying that cinema is both a duplication &amp;amp;#x2013; a perfect reproduction of an original, a reproduction which copies the world to become one and the same thing &amp;amp;#x2013; and a grotesque replica of a matter, a misleading resemblance, and a derisory imitation of an original. This double status implies that the cinema duplication is ruled by a logic of similarity and difference, a logic of presence and absence. This emergence of mimesis leads to the following awareness : the cinema replica does not only mean reproducing or trying to reproduce according to the homo&amp;amp;#x0308;iosis logic, hence the necessity of studying the consequences of the insertion of this antiquity concept in the "cinema modernity" notion.</subfield>
          </datafield>
          <datafield tag="541" ind1=" " ind2=" ">
            <subfield code="a">Analysis of the cinema replica in Edipo re by Pier Paolo Pasolini, Hiroshima mon amour by Alain Resnais and in reviews by André Bazin</subfield>
            <subfield code="z">eng</subfield>
          </datafield>
          <datafield tag="600" ind1=" " ind2="1">
            <subfield code="3">026711478</subfield>
            <subfield code="a">Bazin</subfield>
            <subfield code="b">André</subfield>
            <subfield code="f">1918-1958</subfield>
            <subfield code="3">027253139</subfield>
            <subfield code="x">Thèses et écrits académiques</subfield>
            <subfield code="2">rameau</subfield>
          </datafield>
          <datafield tag="604" ind1=" " ind2=" ">
            <subfield code="0">027669327</subfield>
            <subfield code="a">Resnais, Alain (1922-....)</subfield>
            <subfield code="t">Hiroshima mon amour</subfield>
            <subfield code="2">rameau</subfield>
          </datafield>
          <datafield tag="605" ind1=" " ind2=" ">
            <subfield code="3">088552314</subfield>
            <subfield code="a">Edipo re</subfield>
            <subfield code="n">film</subfield>
            <subfield code="3">027253139</subfield>
            <subfield code="x">Thèses et écrits académiques</subfield>
            <subfield code="2">rameau</subfield>
          </datafield>
          <datafield tag="606" ind1="1" ind2=" ">
            <subfield code="3">027809706</subfield>
            <subfield code="a">Mimêsis</subfield>
            <subfield code="3">027253139</subfield>
            <subfield code="x">Thèses et écrits académiques</subfield>
            <subfield code="2">rameau</subfield>
          </datafield>
          <datafield tag="700" ind1=" " ind2="1">
            <subfield code="3">088517330</subfield>
            <subfield code="a">Bernard de Courville</subfield>
            <subfield code="b">Florence</subfield>
            <subfield code="f">1975-....</subfield>
            <subfield code="4">070</subfield>
          </datafield>
          <datafield tag="702" ind1=" " ind2="1">
            <subfield code="3">026987317</subfield>
            <subfield code="a">Leutrat</subfield>
            <subfield code="b">Jean-Louis</subfield>
            <subfield code="f">1941-....</subfield>
            <subfield code="4">727</subfield>
          </datafield>
          <datafield tag="712" ind1="0" ind2="2">
            <subfield code="3">027361837</subfield>
            <subfield code="a">Université de la Sorbonne nouvelle-Paris III</subfield>
            <subfield code="4">295</subfield>
          </datafield>
          <datafield tag="712" ind1="0" ind2="2">
            <subfield code="3">080891934</subfield>
            <subfield code="a">Université de la Sorbonne nouvelle-Paris III</subfield>
            <subfield code="b">UFR cinéma et audiovisuel</subfield>
            <subfield code="4">295</subfield>
          </datafield>
          <datafield tag="801" ind1=" " ind2="3">
            <subfield code="a">FR</subfield>
            <subfield code="b">Abes</subfield>
            <subfield code="c">20050711</subfield>
            <subfield code="g">AFNOR</subfield>
          </datafield>
          <datafield tag="930" ind1=" " ind2=" ">
            <subfield code="5">751052102:236609734</subfield>
            <subfield code="b">751052102</subfield>
            <subfield code="a">TP 2004(144</subfield>
            <subfield code="j">b</subfield>
          </datafield>
        </record>
      </recordData>
      <recordPosition>13</recordPosition>
    </record>