
    <record>
      <recordSchema>dc</recordSchema>
      <recordPacking>xml</recordPacking>
      <recordData>
        <record xsi:schemaLocation="http://www.loc.gov/MARC21/slim http://www.loc.gov/standards/marcxml/schema/MARC21slim.xsd" xmlns="http://www.loc.gov/MARC21/slim" xmlns:xsi="http://www.w3.org/2001/XMLSchema-instance">
          <leader>01584cam0 2200373   4500</leader>
          <controlfield tag="001">087417251</controlfield>
          <controlfield tag="005">20051206113020.000</controlfield>
          <datafield tag="010" ind1=" " ind2=" ">
            <subfield code="a">2-86487-045-2</subfield>
            <subfield code="b">br</subfield>
            <subfield code="d">20 </subfield>
          </datafield>
          <datafield tag="021" ind1=" " ind2=" ">
            <subfield code="a">FR</subfield>
            <subfield code="b">DLE-20050202-6039</subfield>
          </datafield>
          <datafield tag="035" ind1=" " ind2=" ">
            <subfield code="a">FRBNF399140600000004</subfield>
            <subfield code="z">FRBNF39914060</subfield>
          </datafield>
          <datafield tag="100" ind1=" " ind2=" ">
            <subfield code="a">20050202d2004    m  y0frey0103    ba</subfield>
          </datafield>
          <datafield tag="101" ind1="|" ind2=" ">
            <subfield code="a">fre</subfield>
          </datafield>
          <datafield tag="102" ind1=" " ind2=" ">
            <subfield code="a">FR</subfield>
          </datafield>
          <datafield tag="105" ind1=" " ind2=" ">
            <subfield code="a">a   z   000yy</subfield>
          </datafield>
          <datafield tag="106" ind1=" " ind2=" ">
            <subfield code="a">r</subfield>
          </datafield>
          <datafield tag="200" ind1="1" ind2=" ">
            <subfield code="a">Du Sphinx à Oedipe</subfield>
            <subfield code="b">Texte imprimé</subfield>
            <subfield code="e">deux voix et d'autres échos à l'appui</subfield>
            <subfield code="e">hommage posthume à René Zuber élaboré à partir de ses carnets</subfield>
            <subfield code="f">Gérard Gay-Barbier, René Zuber</subfield>
          </datafield>
          <datafield tag="210" ind1=" " ind2=" ">
            <subfield code="a">Saint-Michel-en-l'Herm</subfield>
            <subfield code="c">Éd. Dharma</subfield>
            <subfield code="d">impr. 2004</subfield>
            <subfield code="e">85-La Mothe-Achard</subfield>
            <subfield code="g">Impr. Offet cinq éd.</subfield>
          </datafield>
          <datafield tag="215" ind1=" " ind2=" ">
            <subfield code="a">1 vol. (237 p.)</subfield>
            <subfield code="c">ill., couv. ill.</subfield>
            <subfield code="d">22 cm</subfield>
          </datafield>
          <datafield tag="225" ind1="2" ind2=" ">
            <subfield code="a">Collection Fenêtres</subfield>
            <subfield code="x">1159-2877</subfield>
            <subfield code="v">2004</subfield>
          </datafield>
          <datafield tag="345" ind1=" " ind2=" ">
            <subfield code="b">9782864870456</subfield>
          </datafield>
          <datafield tag="410" ind1=" " ind2=" ">
            <subfield code="0">039941353</subfield>
            <subfield code="t">Fenêtres du Dharma (Saint-Jean-le-Vieux)</subfield>
            <subfield code="x">1159-2877</subfield>
            <subfield code="v">2004</subfield>
          </datafield>
          <datafield tag="600" ind1=" " ind2="1">
            <subfield code="3">027204650</subfield>
            <subfield code="a">Zuber</subfield>
            <subfield code="b">René</subfield>
            <subfield code="f">1902-....</subfield>
            <subfield code="2">rameau</subfield>
          </datafield>
          <datafield tag="600" ind1=" " ind2="0">
            <subfield code="3">029199905</subfield>
            <subfield code="a">Sphinx</subfield>
            <subfield code="3">029199905</subfield>
            <subfield code="c">mythologie</subfield>
            <subfield code="2">rameau</subfield>
          </datafield>
          <datafield tag="606" ind1="1" ind2=" ">
            <subfield code="3">027505499</subfield>
            <subfield code="a">Mythologie égyptienne</subfield>
            <subfield code="2">rameau</subfield>
          </datafield>
          <datafield tag="606" ind1="1" ind2=" ">
            <subfield code="3">027331784</subfield>
            <subfield code="a">Symbolisme (ésotérisme)</subfield>
            <subfield code="2">rameau</subfield>
          </datafield>
          <datafield tag="676" ind1=" " ind2=" ">
            <subfield code="a">133.092</subfield>
            <subfield code="v">21</subfield>
          </datafield>
          <datafield tag="686" ind1=" " ind2=" ">
            <subfield code="a">130</subfield>
            <subfield code="2">Cadre de classement de la Bibliographie nationale française</subfield>
          </datafield>
          <datafield tag="700" ind1=" " ind2="1">
            <subfield code="3">085782580</subfield>
            <subfield code="a">Gay-Barbier</subfield>
            <subfield code="b">Gérard</subfield>
            <subfield code="4">070</subfield>
          </datafield>
          <datafield tag="701" ind1=" " ind2="1">
            <subfield code="3">027204650</subfield>
            <subfield code="a">Zuber</subfield>
            <subfield code="b">René</subfield>
            <subfield code="f">1902-....</subfield>
            <subfield code="4">070</subfield>
          </datafield>
          <datafield tag="801" ind1=" " ind2="3">
            <subfield code="a">FR</subfield>
            <subfield code="b">Abes</subfield>
            <subfield code="c">20051206</subfield>
            <subfield code="g">AFNOR</subfield>
          </datafield>
          <datafield tag="801" ind1=" " ind2="0">
            <subfield code="a">FR</subfield>
            <subfield code="b">BNF</subfield>
            <subfield code="c">20050202</subfield>
            <subfield code="g">AFNOR</subfield>
            <subfield code="2">intermrc</subfield>
          </datafield>
          <datafield tag="930" ind1=" " ind2=" ">
            <subfield code="5">674821001:248547615</subfield>
            <subfield code="b">674821001</subfield>
            <subfield code="a">E.212.210</subfield>
            <subfield code="j">u</subfield>
          </datafield>
          <datafield tag="990" ind1=" " ind2=" ">
            <subfield code="5">674821001:248547615</subfield>
            <subfield code="0">FBFR</subfield>
          </datafield>
          <datafield tag="992" ind1=" " ind2=" ">
            <subfield code="5">674821001:248547615</subfield>
            <subfield code="a">133.092</subfield>
            <subfield code="2">21</subfield>
          </datafield>
        </record>
      </recordData>
      <recordPosition>14</recordPosition>
    </record>