
    <record>
      <recordSchema>dc</recordSchema>
      <recordPacking>xml</recordPacking>
      <recordData>
        <record xsi:schemaLocation="http://www.loc.gov/MARC21/slim http://www.loc.gov/standards/marcxml/schema/MARC21slim.xsd" xmlns="http://www.loc.gov/MARC21/slim" xmlns:xsi="http://www.w3.org/2001/XMLSchema-instance">
          <leader>01561cam0 2200409   4500</leader>
          <controlfield tag="001">085745731</controlfield>
          <controlfield tag="005">20050628180239.000</controlfield>
          <datafield tag="010" ind1=" " ind2=" ">
            <subfield code="a">2-84158-274-4</subfield>
            <subfield code="b">Br.</subfield>
            <subfield code="d">5 EUR</subfield>
          </datafield>
          <datafield tag="035" ind1=" " ind2=" ">
            <subfield code="5">173002101</subfield>
            <subfield code="a">119744</subfield>
          </datafield>
          <datafield tag="100" ind1=" " ind2=" ">
            <subfield code="a">20050413d2004    m  y0frey0103    ba</subfield>
          </datafield>
          <datafield tag="101" ind1="1" ind2=" ">
            <subfield code="a">fre</subfield>
            <subfield code="c">rum</subfield>
          </datafield>
          <datafield tag="102" ind1=" " ind2=" ">
            <subfield code="a">FR</subfield>
          </datafield>
          <datafield tag="105" ind1=" " ind2=" ">
            <subfield code="a">y   ||||000by</subfield>
          </datafield>
          <datafield tag="106" ind1=" " ind2=" ">
            <subfield code="a">r</subfield>
          </datafield>
          <datafield tag="200" ind1="1" ind2=" ">
            <subfield code="a">Œdipe à Delphes</subfield>
            <subfield code="b">Texte imprimé</subfield>
            <subfield code="e">pièce en trois actes</subfield>
            <subfield code="f">Vlad Zografi</subfield>
            <subfield code="g">trad. du roumain par Paola Bentz-Fauci</subfield>
          </datafield>
          <datafield tag="210" ind1=" " ind2=" ">
            <subfield code="a">Castelnau-le-Lez</subfield>
            <subfield code="c">Climats</subfield>
            <subfield code="a">Montpellier</subfield>
            <subfield code="c">Maison Antoine Vitez</subfield>
            <subfield code="d">2004</subfield>
          </datafield>
          <datafield tag="215" ind1=" " ind2=" ">
            <subfield code="a">148 p.</subfield>
            <subfield code="d">20 cm</subfield>
          </datafield>
          <datafield tag="225" ind1="1" ind2=" ">
            <subfield code="a">Théâtre roumain contemporain</subfield>
          </datafield>
          <datafield tag="461" ind1=" " ind2=" ">
            <subfield code="t">Théâtre roumain contemporain</subfield>
          </datafield>
          <datafield tag="676" ind1=" " ind2=" ">
            <subfield code="a">859</subfield>
            <subfield code="v">21</subfield>
          </datafield>
          <datafield tag="700" ind1=" " ind2="1">
            <subfield code="3">085762253</subfield>
            <subfield code="a">Zografi</subfield>
            <subfield code="b">Vlad</subfield>
            <subfield code="f">1960-....</subfield>
            <subfield code="4">070</subfield>
          </datafield>
          <datafield tag="702" ind1=" " ind2="1">
            <subfield code="3">034482350</subfield>
            <subfield code="a">Bentz-Fauci</subfield>
            <subfield code="b">Paola</subfield>
            <subfield code="4">730</subfield>
          </datafield>
          <datafield tag="801" ind1=" " ind2="3">
            <subfield code="a">FR</subfield>
            <subfield code="b">Abes</subfield>
            <subfield code="c">20050628</subfield>
            <subfield code="g">AFNOR</subfield>
          </datafield>
          <datafield tag="930" ind1=" " ind2=" ">
            <subfield code="5">173002101:230667112</subfield>
            <subfield code="b">173002101</subfield>
            <subfield code="j">u</subfield>
          </datafield>
          <datafield tag="930" ind1=" " ind2=" ">
            <subfield code="5">870852107:254654088</subfield>
            <subfield code="b">870852107</subfield>
            <subfield code="j">u</subfield>
          </datafield>
          <datafield tag="930" ind1=" " ind2=" ">
            <subfield code="5">674821001:232626812</subfield>
            <subfield code="b">674821001</subfield>
            <subfield code="a">CJ.227.919,1</subfield>
            <subfield code="j">u</subfield>
          </datafield>
          <datafield tag="990" ind1=" " ind2=" ">
            <subfield code="5">674821001:232626812</subfield>
            <subfield code="0">FBFL</subfield>
          </datafield>
          <datafield tag="992" ind1=" " ind2=" ">
            <subfield code="5">674821001:232626812</subfield>
            <subfield code="a">859</subfield>
            <subfield code="2">21</subfield>
          </datafield>
          <datafield tag="930" ind1=" " ind2=" ">
            <subfield code="5">751082101:235064890</subfield>
            <subfield code="b">751082101</subfield>
            <subfield code="a">RO 1199(3)</subfield>
            <subfield code="j">u</subfield>
          </datafield>
          <datafield tag="915" ind1=" " ind2=" ">
            <subfield code="5">751052116:245583211</subfield>
            <subfield code="a">B10807602</subfield>
            <subfield code="b">9108308191</subfield>
          </datafield>
          <datafield tag="917" ind1=" " ind2=" ">
            <subfield code="5">751052116:245583211</subfield>
            <subfield code="a">aaba</subfield>
          </datafield>
          <datafield tag="930" ind1=" " ind2=" ">
            <subfield code="5">751052116:245583211</subfield>
            <subfield code="b">751052116</subfield>
            <subfield code="a">8 Y SUP 93057</subfield>
            <subfield code="j">s</subfield>
          </datafield>
          <datafield tag="317" ind1=" " ind2=" ">
            <subfield code="5">751072101:228263530</subfield>
            <subfield code="a">Dépôt légal</subfield>
          </datafield>
          <datafield tag="915" ind1=" " ind2=" ">
            <subfield code="5">751072101:228263530</subfield>
            <subfield code="a">D.1195548033</subfield>
            <subfield code="b">1195548033</subfield>
          </datafield>
          <datafield tag="930" ind1=" " ind2=" ">
            <subfield code="5">751072101:228263530</subfield>
            <subfield code="b">751072101</subfield>
            <subfield code="a">GEN.IV.14600</subfield>
            <subfield code="j">u</subfield>
          </datafield>
          <datafield tag="992" ind1=" " ind2=" ">
            <subfield code="5">751072101:228263530</subfield>
            <subfield code="a">859.235</subfield>
            <subfield code="2">21</subfield>
          </datafield>
          <datafield tag="999" ind1=" " ind2=" ">
            <subfield code="5">751072101:228263530</subfield>
            <subfield code="m">101</subfield>
            <subfield code="n">blm00</subfield>
          </datafield>
        </record>
      </recordData>
      <recordPosition>15</recordPosition>
    </record>