
    <record>
      <recordSchema>dc</recordSchema>
      <recordPacking>xml</recordPacking>
      <recordData>
        <record xsi:schemaLocation="http://www.loc.gov/MARC21/slim http://www.loc.gov/standards/marcxml/schema/MARC21slim.xsd" xmlns="http://www.loc.gov/MARC21/slim" xmlns:xsi="http://www.w3.org/2001/XMLSchema-instance">
          <leader>01748cam0 2200433   4500</leader>
          <controlfield tag="001">085165948</controlfield>
          <controlfield tag="005">20050520102617.000</controlfield>
          <datafield tag="010" ind1=" " ind2=" ">
            <subfield code="a">2-9518265-8-3</subfield>
            <subfield code="b">br</subfield>
            <subfield code="d">23 EUR</subfield>
          </datafield>
          <datafield tag="021" ind1=" " ind2=" ">
            <subfield code="a">FR</subfield>
            <subfield code="b">DLE-20041203-56495</subfield>
          </datafield>
          <datafield tag="035" ind1=" " ind2=" ">
            <subfield code="a">FRBNF392885290000006</subfield>
            <subfield code="z">FRBNF39288529</subfield>
          </datafield>
          <datafield tag="035" ind1=" " ind2=" ">
            <subfield code="5">330632102</subfield>
            <subfield code="a">alp462418</subfield>
          </datafield>
          <datafield tag="100" ind1=" " ind2=" ">
            <subfield code="a">20041203d2004    m  y0frey0103    ba</subfield>
          </datafield>
          <datafield tag="101" ind1="0" ind2=" ">
            <subfield code="a">fre</subfield>
          </datafield>
          <datafield tag="102" ind1=" " ind2=" ">
            <subfield code="a">FR</subfield>
          </datafield>
          <datafield tag="105" ind1=" " ind2=" ">
            <subfield code="a">a   a   000yy</subfield>
          </datafield>
          <datafield tag="106" ind1=" " ind2=" ">
            <subfield code="a">r</subfield>
          </datafield>
          <datafield tag="200" ind1="1" ind2=" ">
            <subfield code="a">&lt;?char 136 ?&gt;Le &lt;?char 137 ?&gt;sens caché des désordres amoureux</subfield>
            <subfield code="b">Texte imprimé</subfield>
            <subfield code="e">Oedipe et Electre démasqués par les dates</subfield>
            <subfield code="e">introduction à la psychologie transgénérationnelle</subfield>
            <subfield code="f">Salomon Sellam</subfield>
          </datafield>
          <datafield tag="210" ind1=" " ind2=" ">
            <subfield code="a">Saint-Drézéry</subfield>
            <subfield code="c">Bérangel</subfield>
            <subfield code="d">2004</subfield>
            <subfield code="e">46-Cahors</subfield>
            <subfield code="g">Impr. France Quercy</subfield>
          </datafield>
          <datafield tag="215" ind1=" " ind2=" ">
            <subfield code="a">363 p.</subfield>
            <subfield code="c">ill., couv. ill.</subfield>
            <subfield code="d">22 cm</subfield>
          </datafield>
          <datafield tag="225" ind1="2" ind2=" ">
            <subfield code="a">Collection Essai-recherche</subfield>
          </datafield>
          <datafield tag="320" ind1=" " ind2=" ">
            <subfield code="a">Bibliogr. p. 351-352</subfield>
          </datafield>
          <datafield tag="345" ind1=" " ind2=" ">
            <subfield code="b">9782951826588</subfield>
          </datafield>
          <datafield tag="410" ind1=" " ind2=" ">
            <subfield code="0">087283298</subfield>
            <subfield code="t">Collection Essai-recherche</subfield>
            <subfield code="x">1771-9356</subfield>
          </datafield>
          <datafield tag="606" ind1="1" ind2=" ">
            <subfield code="3">031515940</subfield>
            <subfield code="a">Relations amoureuses</subfield>
            <subfield code="2">rameau</subfield>
          </datafield>
          <datafield tag="606" ind1="1" ind2=" ">
            <subfield code="3">030227364</subfield>
            <subfield code="a">Psychogénéalogie</subfield>
            <subfield code="2">rameau</subfield>
          </datafield>
          <datafield tag="606" ind1="1" ind2=" ">
            <subfield code="3">028956753</subfield>
            <subfield code="a">Psychopathologie transgénérationnelle</subfield>
            <subfield code="2">rameau</subfield>
          </datafield>
          <datafield tag="676" ind1=" " ind2=" ">
            <subfield code="a">929.101 9</subfield>
            <subfield code="v">21</subfield>
          </datafield>
          <datafield tag="686" ind1=" " ind2=" ">
            <subfield code="a">150</subfield>
            <subfield code="2">Cadre de classement de la Bibliographie nationale française</subfield>
          </datafield>
          <datafield tag="700" ind1=" " ind2="1">
            <subfield code="3">056597428</subfield>
            <subfield code="a">Sellam</subfield>
            <subfield code="b">Salomon</subfield>
            <subfield code="4">070</subfield>
          </datafield>
          <datafield tag="801" ind1=" " ind2="3">
            <subfield code="a">FR</subfield>
            <subfield code="b">Abes</subfield>
            <subfield code="c">20050520</subfield>
            <subfield code="g">AFNOR</subfield>
          </datafield>
          <datafield tag="801" ind1=" " ind2="0">
            <subfield code="a">FR</subfield>
            <subfield code="b">BNF</subfield>
            <subfield code="c">20041203</subfield>
            <subfield code="g">AFNOR</subfield>
            <subfield code="2">intermrc</subfield>
          </datafield>
          <datafield tag="930" ind1=" " ind2=" ">
            <subfield code="5">330632102:244704244</subfield>
            <subfield code="b">330632102</subfield>
            <subfield code="a">VB 456638</subfield>
            <subfield code="j">u</subfield>
          </datafield>
          <datafield tag="915" ind1=" " ind2=" ">
            <subfield code="5">590092101:231940696</subfield>
            <subfield code="a">BUC-16985</subfield>
          </datafield>
          <datafield tag="917" ind1=" " ind2=" ">
            <subfield code="5">590092101:231940696</subfield>
            <subfield code="a">aaax</subfield>
          </datafield>
          <datafield tag="930" ind1=" " ind2=" ">
            <subfield code="5">590092101:231940696</subfield>
            <subfield code="b">590092101</subfield>
            <subfield code="a">155 SEL</subfield>
            <subfield code="j">u</subfield>
          </datafield>
          <datafield tag="930" ind1=" " ind2=" ">
            <subfield code="5">690292101:227884108</subfield>
            <subfield code="b">690292101</subfield>
            <subfield code="j">u</subfield>
          </datafield>
          <datafield tag="930" ind1=" " ind2=" ">
            <subfield code="5">341722103:228460654</subfield>
            <subfield code="b">341722103</subfield>
            <subfield code="a">155 SEL</subfield>
            <subfield code="j">u</subfield>
          </datafield>
          <datafield tag="915" ind1=" " ind2=" ">
            <subfield code="5">930662101:23359759X</subfield>
            <subfield code="b">025416183</subfield>
          </datafield>
          <datafield tag="930" ind1=" " ind2=" ">
            <subfield code="5">930662101:23359759X</subfield>
            <subfield code="b">930662101</subfield>
            <subfield code="a">159.976 SEL</subfield>
            <subfield code="j">u</subfield>
          </datafield>
        </record>
      </recordData>
      <recordPosition>16</recordPosition>
    </record>