
    <record>
      <recordSchema>dc</recordSchema>
      <recordPacking>xml</recordPacking>
      <recordData>
        <record xsi:schemaLocation="http://www.loc.gov/MARC21/slim http://www.loc.gov/standards/marcxml/schema/MARC21slim.xsd" xmlns="http://www.loc.gov/MARC21/slim" xmlns:xsi="http://www.w3.org/2001/XMLSchema-instance">
          <leader>02708cam0 2200637   4500</leader>
          <controlfield tag="001">084583746</controlfield>
          <controlfield tag="005">20050712143335.000</controlfield>
          <datafield tag="010" ind1=" " ind2=" ">
            <subfield code="a">2-84938-023-7</subfield>
            <subfield code="b">br.</subfield>
            <subfield code="d">30 EUR</subfield>
          </datafield>
          <datafield tag="035" ind1=" " ind2=" ">
            <subfield code="5">490072106</subfield>
            <subfield code="a">431465</subfield>
          </datafield>
          <datafield tag="100" ind1=" " ind2=" ">
            <subfield code="a">20050314d2004    k  y0frey0103    ba</subfield>
          </datafield>
          <datafield tag="101" ind1="0" ind2=" ">
            <subfield code="a">fre</subfield>
          </datafield>
          <datafield tag="102" ind1=" " ind2=" ">
            <subfield code="a">FR</subfield>
          </datafield>
          <datafield tag="105" ind1=" " ind2=" ">
            <subfield code="a">y   a   000yy</subfield>
          </datafield>
          <datafield tag="106" ind1=" " ind2=" ">
            <subfield code="a">r</subfield>
          </datafield>
          <datafield tag="200" ind1="1" ind2=" ">
            <subfield code="a">Ecrits pour l'anti-Oedipe</subfield>
            <subfield code="b">Texte imprimé</subfield>
            <subfield code="f">Félix Guattari</subfield>
            <subfield code="g">textes agencés par Stéphane Nadaud</subfield>
          </datafield>
          <datafield tag="210" ind1=" " ind2=" ">
            <subfield code="a">Paris</subfield>
            <subfield code="c">Lignes et manifeste</subfield>
            <subfield code="d">impr. 2004</subfield>
          </datafield>
          <datafield tag="215" ind1=" " ind2=" ">
            <subfield code="a">1 vol. (509 p.)</subfield>
            <subfield code="c">couv. ill.</subfield>
            <subfield code="d">19 cm</subfield>
          </datafield>
          <datafield tag="300" ind1=" " ind2=" ">
            <subfield code="a">Ed. établie à partir des Archives de Félix Guattari déposées à l'IMEC (Institut mémoire de l'édition contemporaine)</subfield>
          </datafield>
          <datafield tag="320" ind1=" " ind2=" ">
            <subfield code="a">Notes bibliogr.</subfield>
          </datafield>
          <datafield tag="606" ind1="1" ind2=" ">
            <subfield code="3">027230600</subfield>
            <subfield code="a">Complexe d'Oedipe</subfield>
            <subfield code="2">rameau</subfield>
          </datafield>
          <datafield tag="606" ind1="1" ind2=" ">
            <subfield code="3">027498107</subfield>
            <subfield code="a">Psychiatrie sociale</subfield>
            <subfield code="2">rameau</subfield>
          </datafield>
          <datafield tag="676" ind1=" " ind2=" ">
            <subfield code="a">150.195</subfield>
            <subfield code="v">21</subfield>
          </datafield>
          <datafield tag="700" ind1=" " ind2="1">
            <subfield code="3">02690554X</subfield>
            <subfield code="a">Guattari</subfield>
            <subfield code="b">Félix</subfield>
            <subfield code="f">1930-1992</subfield>
            <subfield code="4">070</subfield>
          </datafield>
          <datafield tag="702" ind1=" " ind2="1">
            <subfield code="3">060734833</subfield>
            <subfield code="a">Nadaud</subfield>
            <subfield code="b">Stéphane</subfield>
            <subfield code="4">340</subfield>
          </datafield>
          <datafield tag="801" ind1=" " ind2="3">
            <subfield code="a">FR</subfield>
            <subfield code="b">Abes</subfield>
            <subfield code="c">20050712</subfield>
            <subfield code="g">AFNOR</subfield>
          </datafield>
          <datafield tag="915" ind1=" " ind2=" ">
            <subfield code="5">490072106:225056585</subfield>
            <subfield code="b">32223005063110</subfield>
          </datafield>
          <datafield tag="930" ind1=" " ind2=" ">
            <subfield code="5">490072106:225056585</subfield>
            <subfield code="b">490072106</subfield>
            <subfield code="j">u</subfield>
          </datafield>
          <datafield tag="915" ind1=" " ind2=" ">
            <subfield code="5">250562101:22498215X</subfield>
            <subfield code="b">1145732708</subfield>
          </datafield>
          <datafield tag="930" ind1=" " ind2=" ">
            <subfield code="5">250562101:22498215X</subfield>
            <subfield code="b">250562101</subfield>
            <subfield code="a">856367</subfield>
            <subfield code="j">u</subfield>
          </datafield>
          <datafield tag="930" ind1=" " ind2=" ">
            <subfield code="5">292322201:23008558X</subfield>
            <subfield code="b">292322201</subfield>
            <subfield code="e">BRUI</subfield>
            <subfield code="a">11 GUA</subfield>
            <subfield code="j">g</subfield>
          </datafield>
          <datafield tag="930" ind1=" " ind2=" ">
            <subfield code="5">212312101:22532377X</subfield>
            <subfield code="b">212312101</subfield>
            <subfield code="a">194/3049</subfield>
            <subfield code="j">u</subfield>
          </datafield>
          <datafield tag="930" ind1=" " ind2=" ">
            <subfield code="5">341722103:225018381</subfield>
            <subfield code="b">341722103</subfield>
            <subfield code="a">159.96 GUA</subfield>
            <subfield code="j">u</subfield>
          </datafield>
          <datafield tag="930" ind1=" " ind2=" ">
            <subfield code="5">861942101:226816567</subfield>
            <subfield code="b">861942101</subfield>
            <subfield code="a">1"4" GUAT-1=F 149214</subfield>
            <subfield code="j">u</subfield>
          </datafield>
          <datafield tag="915" ind1=" " ind2=" ">
            <subfield code="5">514542102:231479123</subfield>
            <subfield code="a">DL05001572</subfield>
          </datafield>
          <datafield tag="917" ind1=" " ind2=" ">
            <subfield code="5">514542102:231479123</subfield>
            <subfield code="a">aaax</subfield>
          </datafield>
          <datafield tag="930" ind1=" " ind2=" ">
            <subfield code="5">514542102:231479123</subfield>
            <subfield code="b">514542102</subfield>
            <subfield code="j">u</subfield>
          </datafield>
          <datafield tag="999" ind1=" " ind2=" ">
            <subfield code="5">514542102:231479123</subfield>
            <subfield code="a">LEOUV</subfield>
          </datafield>
          <datafield tag="930" ind1=" " ind2=" ">
            <subfield code="5">674821001:230278922</subfield>
            <subfield code="b">674821001</subfield>
            <subfield code="a">B.178.046</subfield>
            <subfield code="j">u</subfield>
          </datafield>
          <datafield tag="990" ind1=" " ind2=" ">
            <subfield code="5">674821001:230278922</subfield>
            <subfield code="0">FBFP</subfield>
          </datafield>
          <datafield tag="992" ind1=" " ind2=" ">
            <subfield code="5">674821001:230278922</subfield>
            <subfield code="a">150.195</subfield>
            <subfield code="2">21</subfield>
          </datafield>
          <datafield tag="930" ind1=" " ind2=" ">
            <subfield code="5">315552102:225429462</subfield>
            <subfield code="b">315552102</subfield>
            <subfield code="a">194 DEL G</subfield>
            <subfield code="j">u</subfield>
          </datafield>
          <datafield tag="930" ind1=" " ind2=" ">
            <subfield code="5">810042101:248548344</subfield>
            <subfield code="b">810042101</subfield>
            <subfield code="a">194 GUA</subfield>
            <subfield code="j">u</subfield>
          </datafield>
          <datafield tag="930" ind1=" " ind2=" ">
            <subfield code="5">751132102:226467457</subfield>
            <subfield code="b">751132102</subfield>
            <subfield code="j">u</subfield>
          </datafield>
          <datafield tag="930" ind1=" " ind2=" ">
            <subfield code="5">751052102:249246902</subfield>
            <subfield code="b">751052102</subfield>
            <subfield code="a">158.1GUA</subfield>
            <subfield code="j">u</subfield>
          </datafield>
          <datafield tag="915" ind1=" " ind2=" ">
            <subfield code="5">930662101:235678597</subfield>
            <subfield code="b">025419443</subfield>
          </datafield>
          <datafield tag="930" ind1=" " ind2=" ">
            <subfield code="5">930662101:235678597</subfield>
            <subfield code="b">930662101</subfield>
            <subfield code="a">1"19" GUA 7</subfield>
            <subfield code="j">u</subfield>
          </datafield>
          <datafield tag="930" ind1=" " ind2=" ">
            <subfield code="5">920502102:237393158</subfield>
            <subfield code="b">920502102</subfield>
            <subfield code="a">159.964 GUA</subfield>
            <subfield code="j">u</subfield>
          </datafield>
          <datafield tag="915" ind1=" " ind2=" ">
            <subfield code="5">930792101:226773914</subfield>
            <subfield code="b">0152323039</subfield>
          </datafield>
          <datafield tag="930" ind1=" " ind2=" ">
            <subfield code="5">930792101:226773914</subfield>
            <subfield code="b">930792101</subfield>
            <subfield code="a">159.964 GUA</subfield>
            <subfield code="j">u</subfield>
          </datafield>
          <datafield tag="915" ind1=" " ind2=" ">
            <subfield code="5">751052105:236728725</subfield>
            <subfield code="a">f/157672</subfield>
            <subfield code="b">1154693505</subfield>
          </datafield>
          <datafield tag="917" ind1=" " ind2=" ">
            <subfield code="5">751052105:236728725</subfield>
            <subfield code="a">aaaa</subfield>
          </datafield>
          <datafield tag="930" ind1=" " ind2=" ">
            <subfield code="5">751052105:236728725</subfield>
            <subfield code="b">751052105</subfield>
            <subfield code="c">Salle de lecture</subfield>
            <subfield code="d">Communication indirecte</subfield>
            <subfield code="a">M 8= 56243</subfield>
            <subfield code="j">u</subfield>
          </datafield>
          <datafield tag="999" ind1=" " ind2=" ">
            <subfield code="5">751052105:236728725</subfield>
            <subfield code="a">ady</subfield>
            <subfield code="b">DSS2</subfield>
          </datafield>
          <datafield tag="915" ind1=" " ind2=" ">
            <subfield code="5">751052116:228017610</subfield>
            <subfield code="a">B10797626</subfield>
            <subfield code="b">9108146601</subfield>
          </datafield>
          <datafield tag="917" ind1=" " ind2=" ">
            <subfield code="5">751052116:228017610</subfield>
            <subfield code="a">aaba</subfield>
          </datafield>
          <datafield tag="930" ind1=" " ind2=" ">
            <subfield code="5">751052116:228017610</subfield>
            <subfield code="b">751052116</subfield>
            <subfield code="a">8 R SUP 54796</subfield>
            <subfield code="j">s</subfield>
          </datafield>
        </record>
      </recordData>
      <recordPosition>17</recordPosition>
    </record>