
    <record>
      <recordSchema>dc</recordSchema>
      <recordPacking>xml</recordPacking>
      <recordData>
        <record xsi:schemaLocation="http://www.loc.gov/MARC21/slim http://www.loc.gov/standards/marcxml/schema/MARC21slim.xsd" xmlns="http://www.loc.gov/MARC21/slim" xmlns:xsi="http://www.w3.org/2001/XMLSchema-instance">
          <leader>01325ngm0 2200289   4500</leader>
          <controlfield tag="001">083320067</controlfield>
          <controlfield tag="005">20050114122453.000</controlfield>
          <datafield tag="071" ind1="0" ind2="1">
            <subfield code="a">AK10213</subfield>
          </datafield>
          <datafield tag="100" ind1=" " ind2=" ">
            <subfield code="a">20050114i20041978m  y0frey0103    ba</subfield>
          </datafield>
          <datafield tag="101" ind1="0" ind2=" ">
            <subfield code="a">fre</subfield>
            <subfield code="c">jpn</subfield>
            <subfield code="g">fre</subfield>
          </datafield>
          <datafield tag="102" ind1=" " ind2=" ">
            <subfield code="a">FR</subfield>
          </datafield>
          <datafield tag="115" ind1=" " ind2=" ">
            <subfield code="a">c180bazzxax||||zkxxc</subfield>
            <subfield code="b">|||||||||||||||</subfield>
          </datafield>
          <datafield tag="200" ind1="1" ind2=" ">
            <subfield code="a">Albator</subfield>
            <subfield code="b">Images animées</subfield>
            <subfield code="e">le corsaire de l'espace</subfield>
            <subfield code="h">2</subfield>
            <subfield code="i">Episodes 8 à 14</subfield>
            <subfield code="f">Rintaro, réal.</subfield>
            <subfield code="g">Leiji Matsumoto, aut. adapté</subfield>
            <subfield code="g">Eric Charden, Didier Barbelivien, mus.</subfield>
          </datafield>
          <datafield tag="210" ind1=" " ind2=" ">
            <subfield code="a">[Paris]</subfield>
            <subfield code="c">IDE [éd.]</subfield>
            <subfield code="d">2000</subfield>
          </datafield>
          <datafield tag="215" ind1=" " ind2=" ">
            <subfield code="a">1 DVD (3 h)</subfield>
            <subfield code="c">coul. (PAL), sonore</subfield>
          </datafield>
          <datafield tag="300" ind1=" " ind2=" ">
            <subfield code="a">Version doublée en français</subfield>
          </datafield>
          <datafield tag="306" ind1=" " ind2=" ">
            <subfield code="a">IDE = International distribution électronic</subfield>
          </datafield>
          <datafield tag="306" ind1=" " ind2=" ">
            <subfield code="a">Cop. : Toei animation, 1978</subfield>
          </datafield>
          <datafield tag="320" ind1=" " ind2=" ">
            <subfield code="a">Biographie de l'auteur. Galerie d'images. Bandes annonces</subfield>
          </datafield>
          <datafield tag="327" ind1="1" ind2=" ">
            <subfield code="a">L'escadron royal de l'espace</subfield>
            <subfield code="a">Un corps végétal frissonnant</subfield>
            <subfield code="a">La planète de l'amour</subfield>
            <subfield code="a">Les naufrageuses d'âmes</subfield>
            <subfield code="a">Le complexe d'oedipe</subfield>
            <subfield code="a">Une micro-poussière du temps</subfield>
            <subfield code="a">Le piège de sable</subfield>
          </datafield>
          <datafield tag="700" ind1=" " ind2="1">
            <subfield code="3">076625966</subfield>
            <subfield code="a">Rintaro</subfield>
            <subfield code="4">300</subfield>
          </datafield>
          <datafield tag="702" ind1=" " ind2="1">
            <subfield code="3">082331375</subfield>
            <subfield code="a">Matsumoto</subfield>
            <subfield code="b">Reiji</subfield>
            <subfield code="f">1938-....</subfield>
            <subfield code="4">100</subfield>
          </datafield>
          <datafield tag="702" ind1=" " ind2="1">
            <subfield code="3">077363620</subfield>
            <subfield code="a">Charden</subfield>
            <subfield code="b">Éric</subfield>
            <subfield code="f">1942-....</subfield>
            <subfield code="4">230</subfield>
          </datafield>
          <datafield tag="702" ind1=" " ind2="1">
            <subfield code="3">080248659</subfield>
            <subfield code="a">Barbelivien</subfield>
            <subfield code="b">Didier</subfield>
            <subfield code="f">1954-....</subfield>
            <subfield code="4">230</subfield>
          </datafield>
          <datafield tag="801" ind1=" " ind2="3">
            <subfield code="a">FR</subfield>
            <subfield code="b">Abes</subfield>
            <subfield code="c">20050114</subfield>
            <subfield code="g">AFNOR</subfield>
          </datafield>
          <datafield tag="915" ind1=" " ind2=" ">
            <subfield code="5">930662101:22130309X</subfield>
            <subfield code="b">025405222</subfield>
          </datafield>
          <datafield tag="930" ind1=" " ind2=" ">
            <subfield code="5">930662101:22130309X</subfield>
            <subfield code="b">930662101</subfield>
            <subfield code="a">791.43-34 RIN</subfield>
            <subfield code="j">g</subfield>
          </datafield>
        </record>
      </recordData>
      <recordPosition>19</recordPosition>
    </record>