
    <record>
      <recordSchema>dc</recordSchema>
      <recordPacking>xml</recordPacking>
      <recordData>
        <record xsi:schemaLocation="http://www.loc.gov/MARC21/slim http://www.loc.gov/standards/marcxml/schema/MARC21slim.xsd" xmlns="http://www.loc.gov/MARC21/slim" xmlns:xsi="http://www.w3.org/2001/XMLSchema-instance">
          <leader>02452cam0 2200577   4500</leader>
          <controlfield tag="001">08119532X</controlfield>
          <controlfield tag="005">20050427022205.000</controlfield>
          <datafield tag="010" ind1=" " ind2=" ">
            <subfield code="a">0-674-99610-0</subfield>
            <subfield code="b">rel.</subfield>
          </datafield>
          <datafield tag="020" ind1=" " ind2=" ">
            <subfield code="a">US</subfield>
            <subfield code="b">  2004042428</subfield>
          </datafield>
          <datafield tag="100" ind1=" " ind2=" ">
            <subfield code="a">20041020d2004    k  y0frey0103    ba</subfield>
          </datafield>
          <datafield tag="101" ind1="2" ind2=" ">
            <subfield code="a">lat</subfield>
            <subfield code="a">eng</subfield>
            <subfield code="c">lat</subfield>
          </datafield>
          <datafield tag="102" ind1=" " ind2=" ">
            <subfield code="a">US</subfield>
          </datafield>
          <datafield tag="105" ind1=" " ind2=" ">
            <subfield code="a">y   a   001by</subfield>
          </datafield>
          <datafield tag="106" ind1=" " ind2=" ">
            <subfield code="a">r</subfield>
          </datafield>
          <datafield tag="200" ind1="1" ind2=" ">
            <subfield code="a">Oedipus</subfield>
            <subfield code="b">Texte imprimé</subfield>
            <subfield code="a">Agamemnon</subfield>
            <subfield code="a">Thyestes</subfield>
            <subfield code="a">Hercules on Oeta</subfield>
            <subfield code="a">Octavia</subfield>
            <subfield code="f">Seneca</subfield>
            <subfield code="g">ed. and transl. by John G. Fitch</subfield>
          </datafield>
          <datafield tag="210" ind1=" " ind2=" ">
            <subfield code="a">Cambridge (Mass.)</subfield>
            <subfield code="a">London</subfield>
            <subfield code="c">Harvard University Press</subfield>
            <subfield code="d">2004</subfield>
          </datafield>
          <datafield tag="215" ind1=" " ind2=" ">
            <subfield code="a">VIII-654 p.</subfield>
            <subfield code="d">17 cm</subfield>
          </datafield>
          <datafield tag="225" ind1="2" ind2=" ">
            <subfield code="a">&lt;?char 136 ?&gt;The &lt;?char 137 ?&gt;Loeb classical library</subfield>
            <subfield code="v">78</subfield>
          </datafield>
          <datafield tag="225" ind1="1" ind2=" ">
            <subfield code="a">Seneca</subfield>
            <subfield code="h">IX</subfield>
            <subfield code="i">Tragedies</subfield>
            <subfield code="h">2</subfield>
          </datafield>
          <datafield tag="302" ind1=" " ind2=" ">
            <subfield code="a">Texte en latin et trad. anglaise en regard</subfield>
          </datafield>
          <datafield tag="410" ind1=" " ind2=" ">
            <subfield code="0">001045296</subfield>
            <subfield code="t">&lt;?char 136 ?&gt;The &lt;?char 137 ?&gt;Loeb classical library</subfield>
            <subfield code="v">78</subfield>
          </datafield>
          <datafield tag="500" ind1=" " ind2=" ">
            <subfield code="3">034564950</subfield>
            <subfield code="a">Oedipe</subfield>
            <subfield code="m">English</subfield>
            <subfield code="m">Latin</subfield>
            <subfield code="k">2004</subfield>
          </datafield>
          <datafield tag="500" ind1=" " ind2=" ">
            <subfield code="3">030958539</subfield>
            <subfield code="a">Agamemnon</subfield>
            <subfield code="m">English</subfield>
            <subfield code="m">Latin</subfield>
            <subfield code="k">2004</subfield>
          </datafield>
          <datafield tag="500" ind1=" " ind2=" ">
            <subfield code="a">Thyeste</subfield>
            <subfield code="m">English</subfield>
            <subfield code="m">Latin</subfield>
            <subfield code="k">2004</subfield>
          </datafield>
          <datafield tag="500" ind1=" " ind2=" ">
            <subfield code="3">030680417</subfield>
            <subfield code="a">Hercule</subfield>
            <subfield code="m">English</subfield>
            <subfield code="m">Latin</subfield>
            <subfield code="k">2004</subfield>
          </datafield>
          <datafield tag="500" ind1=" " ind2=" ">
            <subfield code="3">03357362X</subfield>
            <subfield code="a">Octavie</subfield>
            <subfield code="m">English</subfield>
            <subfield code="m">Latin</subfield>
            <subfield code="k">2004</subfield>
          </datafield>
          <datafield tag="600" ind1=" " ind2="0">
            <subfield code="3">026670984</subfield>
            <subfield code="a">Sénèque</subfield>
            <subfield code="3">026670984</subfield>
            <subfield code="f">0004 av. J.-C.-0065</subfield>
            <subfield code="2">rameau</subfield>
          </datafield>
          <datafield tag="600" ind1=" " ind2="0">
            <subfield code="3">032190026</subfield>
            <subfield code="a">Auguste</subfield>
            <subfield code="3">032190026</subfield>
            <subfield code="c">empereur romain</subfield>
            <subfield code="f">0063 av. J.-C.-0014</subfield>
            <subfield code="2">rameau</subfield>
          </datafield>
          <datafield tag="600" ind1=" " ind2="0">
            <subfield code="3">078600537</subfield>
            <subfield code="a">Agamemnon</subfield>
            <subfield code="3">078600537</subfield>
            <subfield code="c">mythologie grecque</subfield>
            <subfield code="2">rameau</subfield>
          </datafield>
          <datafield tag="600" ind1=" " ind2="0">
            <subfield code="3">02981555X</subfield>
            <subfield code="a">Hercule</subfield>
            <subfield code="3">02981555X</subfield>
            <subfield code="c">mythologie romaine</subfield>
            <subfield code="2">rameau</subfield>
          </datafield>
          <datafield tag="600" ind1=" " ind2="0">
            <subfield code="3">027512312</subfield>
            <subfield code="a">Oedipe</subfield>
            <subfield code="3">027512312</subfield>
            <subfield code="c">mythologie grecque</subfield>
            <subfield code="2">rameau</subfield>
          </datafield>
          <datafield tag="606" ind1="1" ind2=" ">
            <subfield code="3">027796019</subfield>
            <subfield code="a">Tragédie grecque</subfield>
            <subfield code="2">rameau</subfield>
          </datafield>
          <datafield tag="676" ind1=" " ind2=" ">
            <subfield code="a">872</subfield>
            <subfield code="v">21</subfield>
          </datafield>
          <datafield tag="676" ind1=" " ind2=" ">
            <subfield code="a">872/.01</subfield>
            <subfield code="v">22</subfield>
          </datafield>
          <datafield tag="700" ind1=" " ind2="0">
            <subfield code="3">026670984</subfield>
            <subfield code="a">Sénèque</subfield>
            <subfield code="f">0004 av. J.-C.-0065</subfield>
            <subfield code="4">070</subfield>
          </datafield>
          <datafield tag="702" ind1=" " ind2="1">
            <subfield code="3">029362237</subfield>
            <subfield code="a">Fitch</subfield>
            <subfield code="b">John G.</subfield>
            <subfield code="4">340</subfield>
          </datafield>
          <datafield tag="801" ind1=" " ind2="3">
            <subfield code="a">FR</subfield>
            <subfield code="b">Abes</subfield>
            <subfield code="c">20050427</subfield>
            <subfield code="g">AFNOR</subfield>
          </datafield>
          <datafield tag="801" ind1=" " ind2="0">
            <subfield code="b">DLC</subfield>
            <subfield code="g">AACR2</subfield>
          </datafield>
          <datafield tag="930" ind1=" " ind2=" ">
            <subfield code="5">335222103:218259069</subfield>
            <subfield code="b">335222103</subfield>
            <subfield code="a">XF 871(08) Loe SEN Oed</subfield>
            <subfield code="j">g</subfield>
          </datafield>
          <datafield tag="930" ind1=" " ind2=" ">
            <subfield code="5">590092233:215771079</subfield>
            <subfield code="b">590092233</subfield>
            <subfield code="j">g</subfield>
          </datafield>
          <datafield tag="930" ind1=" " ind2=" ">
            <subfield code="5">674821001:222597240</subfield>
            <subfield code="b">674821001</subfield>
            <subfield code="a">C.500.483,78A</subfield>
            <subfield code="j">u</subfield>
          </datafield>
          <datafield tag="990" ind1=" " ind2=" ">
            <subfield code="5">674821001:222597240</subfield>
            <subfield code="0">FBFA</subfield>
          </datafield>
          <datafield tag="992" ind1=" " ind2=" ">
            <subfield code="5">674821001:222597240</subfield>
            <subfield code="a">872</subfield>
            <subfield code="2">21</subfield>
          </datafield>
          <datafield tag="930" ind1=" " ind2=" ">
            <subfield code="5">315552102:239917588</subfield>
            <subfield code="b">315552102</subfield>
            <subfield code="a">878.01 SEN 9</subfield>
            <subfield code="j">u</subfield>
          </datafield>
          <datafield tag="915" ind1=" " ind2=" ">
            <subfield code="5">751052105:215608690</subfield>
            <subfield code="a">a/765685</subfield>
            <subfield code="b">1155172900</subfield>
          </datafield>
          <datafield tag="917" ind1=" " ind2=" ">
            <subfield code="5">751052105:215608690</subfield>
            <subfield code="a">abbc</subfield>
          </datafield>
          <datafield tag="930" ind1=" " ind2=" ">
            <subfield code="5">751052105:215608690</subfield>
            <subfield code="b">751052105</subfield>
            <subfield code="c">Salle de réserve</subfield>
            <subfield code="d">Communication indirecte</subfield>
            <subfield code="a">R 6= 1926</subfield>
            <subfield code="j">g</subfield>
          </datafield>
          <datafield tag="999" ind1=" " ind2=" ">
            <subfield code="5">751052105:215608690</subfield>
            <subfield code="a">NP</subfield>
            <subfield code="b">D0</subfield>
          </datafield>
          <datafield tag="915" ind1=" " ind2=" ">
            <subfield code="5">751052116:215963598</subfield>
            <subfield code="a">B10784449</subfield>
            <subfield code="b">9107655883</subfield>
          </datafield>
          <datafield tag="917" ind1=" " ind2=" ">
            <subfield code="5">751052116:215963598</subfield>
            <subfield code="a">aaba</subfield>
          </datafield>
          <datafield tag="930" ind1=" " ind2=" ">
            <subfield code="5">751052116:215963598</subfield>
            <subfield code="b">751052116</subfield>
            <subfield code="a">8 Y SUP 88793</subfield>
            <subfield code="j">s</subfield>
          </datafield>
        </record>
      </recordData>
      <recordPosition>20</recordPosition>
    </record>