
    <record>
      <recordSchema>dc</recordSchema>
      <recordPacking>xml</recordPacking>
      <recordData>
        <record xsi:schemaLocation="http://www.loc.gov/MARC21/slim http://www.loc.gov/standards/marcxml/schema/MARC21slim.xsd" xmlns="http://www.loc.gov/MARC21/slim" xmlns:xsi="http://www.w3.org/2001/XMLSchema-instance">
          <leader>02886cam0 2200685   4500</leader>
          <controlfield tag="001">079501370</controlfield>
          <controlfield tag="005">20051102144449.000</controlfield>
          <datafield tag="010" ind1=" " ind2=" ">
            <subfield code="a">2-13-0540600</subfield>
            <subfield code="b">br.</subfield>
            <subfield code="d">23 EUR</subfield>
          </datafield>
          <datafield tag="035" ind1=" " ind2=" ">
            <subfield code="5">330632102</subfield>
            <subfield code="a">417975</subfield>
          </datafield>
          <datafield tag="100" ind1=" " ind2=" ">
            <subfield code="a">20040716d2004    k  y0frey0103    ba</subfield>
          </datafield>
          <datafield tag="101" ind1="0" ind2=" ">
            <subfield code="a">fre</subfield>
          </datafield>
          <datafield tag="102" ind1=" " ind2=" ">
            <subfield code="a">FR</subfield>
          </datafield>
          <datafield tag="105" ind1=" " ind2=" ">
            <subfield code="a">a   ||||000yy</subfield>
          </datafield>
          <datafield tag="106" ind1=" " ind2=" ">
            <subfield code="a">r</subfield>
          </datafield>
          <datafield tag="200" ind1="1" ind2=" ">
            <subfield code="a">&lt;?char 136 ?&gt;L'&lt;?char 137 ?&gt;œil d'Œdipe</subfield>
            <subfield code="b">Texte imprimé</subfield>
            <subfield code="f">Julien Friedler</subfield>
          </datafield>
          <datafield tag="210" ind1=" " ind2=" ">
            <subfield code="a">Paris</subfield>
            <subfield code="c">Presses Universitaires de France</subfield>
            <subfield code="d">impr. 2004</subfield>
          </datafield>
          <datafield tag="215" ind1=" " ind2=" ">
            <subfield code="a">1 vol. (206 p.)</subfield>
            <subfield code="c">ill., couv. ill. en coul.</subfield>
            <subfield code="d">22 cm</subfield>
          </datafield>
          <datafield tag="320" ind1=" " ind2=" ">
            <subfield code="a">Notes bibliogr.</subfield>
          </datafield>
          <datafield tag="600" ind1=" " ind2="1">
            <subfield code="3">027324664</subfield>
            <subfield code="a">Freud</subfield>
            <subfield code="b">Sigmund</subfield>
            <subfield code="f">1856-1939</subfield>
            <subfield code="3">028633067</subfield>
            <subfield code="x">Critique et interprétation</subfield>
            <subfield code="2">rameau</subfield>
          </datafield>
          <datafield tag="606" ind1="1" ind2=" ">
            <subfield code="3">027234754</subfield>
            <subfield code="a">Inconscient</subfield>
            <subfield code="2">rameau</subfield>
          </datafield>
          <datafield tag="606" ind1="1" ind2=" ">
            <subfield code="3">027241505</subfield>
            <subfield code="a">Psychanalyse</subfield>
            <subfield code="2">rameau</subfield>
          </datafield>
          <datafield tag="606" ind1="1" ind2=" ">
            <subfield code="3">027634167</subfield>
            <subfield code="a">Mythe</subfield>
            <subfield code="x">Aspect psychologique</subfield>
            <subfield code="2">rameau</subfield>
          </datafield>
          <datafield tag="606" ind1="1" ind2=" ">
            <subfield code="3">027230600</subfield>
            <subfield code="a">Complexe d'Oedipe</subfield>
            <subfield code="2">rameau</subfield>
          </datafield>
          <datafield tag="676" ind1=" " ind2=" ">
            <subfield code="a">150.195</subfield>
            <subfield code="v">21</subfield>
          </datafield>
          <datafield tag="700" ind1=" " ind2="1">
            <subfield code="3">026875403</subfield>
            <subfield code="a">Friedler</subfield>
            <subfield code="b">Julien</subfield>
            <subfield code="f">1950-....</subfield>
            <subfield code="4">070</subfield>
          </datafield>
          <datafield tag="801" ind1=" " ind2="3">
            <subfield code="a">FR</subfield>
            <subfield code="b">Abes</subfield>
            <subfield code="c">20051102</subfield>
            <subfield code="g">AFNOR</subfield>
          </datafield>
          <datafield tag="930" ind1=" " ind2=" ">
            <subfield code="5">330632102:212801090</subfield>
            <subfield code="b">330632102</subfield>
            <subfield code="a">150.195 FRI</subfield>
            <subfield code="j">g</subfield>
          </datafield>
          <datafield tag="915" ind1=" " ind2=" ">
            <subfield code="5">731372101:238194922</subfield>
            <subfield code="a">N L34838</subfield>
            <subfield code="b">0322396446</subfield>
          </datafield>
          <datafield tag="930" ind1=" " ind2=" ">
            <subfield code="5">731372101:238194922</subfield>
            <subfield code="b">731372101</subfield>
            <subfield code="a">150.19 FRI</subfield>
            <subfield code="j">u</subfield>
          </datafield>
          <datafield tag="999" ind1=" " ind2=" ">
            <subfield code="5">731372101:238194922</subfield>
            <subfield code="a">LIV</subfield>
            <subfield code="b">LIVLA</subfield>
          </datafield>
          <datafield tag="930" ind1=" " ind2=" ">
            <subfield code="5">212312101:215321588</subfield>
            <subfield code="b">212312101</subfield>
            <subfield code="a">150.195 FRI J</subfield>
            <subfield code="j">u</subfield>
          </datafield>
          <datafield tag="915" ind1=" " ind2=" ">
            <subfield code="5">763512101:213328313</subfield>
            <subfield code="b">3504072011</subfield>
          </datafield>
          <datafield tag="930" ind1=" " ind2=" ">
            <subfield code="5">763512101:213328313</subfield>
            <subfield code="b">763512101</subfield>
            <subfield code="a">BF77 FRI</subfield>
            <subfield code="j">u</subfield>
          </datafield>
          <datafield tag="999" ind1=" " ind2=" ">
            <subfield code="5">763512101:213328313</subfield>
            <subfield code="a">MONPN</subfield>
            <subfield code="b">4PSY</subfield>
          </datafield>
          <datafield tag="915" ind1=" " ind2=" ">
            <subfield code="5">590092101:217122256</subfield>
            <subfield code="a">BUC-11587</subfield>
          </datafield>
          <datafield tag="917" ind1=" " ind2=" ">
            <subfield code="5">590092101:217122256</subfield>
            <subfield code="a">aaax</subfield>
          </datafield>
          <datafield tag="930" ind1=" " ind2=" ">
            <subfield code="5">590092101:217122256</subfield>
            <subfield code="b">590092101</subfield>
            <subfield code="a">150.195 2 FRI</subfield>
            <subfield code="j">u</subfield>
          </datafield>
          <datafield tag="930" ind1=" " ind2=" ">
            <subfield code="5">690292101:212545434</subfield>
            <subfield code="b">690292101</subfield>
            <subfield code="j">u</subfield>
          </datafield>
          <datafield tag="915" ind1=" " ind2=" ">
            <subfield code="5">574632105:214430804</subfield>
            <subfield code="a">42150L</subfield>
            <subfield code="b">0310518165</subfield>
          </datafield>
          <datafield tag="917" ind1=" " ind2=" ">
            <subfield code="5">574632105:214430804</subfield>
            <subfield code="a">aaac</subfield>
          </datafield>
          <datafield tag="930" ind1=" " ind2=" ">
            <subfield code="5">574632105:214430804</subfield>
            <subfield code="b">574632105</subfield>
            <subfield code="c">ossbh</subfield>
            <subfield code="a">150.195 FRI</subfield>
            <subfield code="j">u</subfield>
          </datafield>
          <datafield tag="990" ind1=" " ind2=" ">
            <subfield code="5">574632105:214430804</subfield>
            <subfield code="0">6</subfield>
          </datafield>
          <datafield tag="992" ind1=" " ind2=" ">
            <subfield code="5">574632105:214430804</subfield>
            <subfield code="a">150.195</subfield>
            <subfield code="2">21</subfield>
          </datafield>
          <datafield tag="930" ind1=" " ind2=" ">
            <subfield code="5">301892102:212920308</subfield>
            <subfield code="b">301892102</subfield>
            <subfield code="a">150.195 FRI</subfield>
            <subfield code="j">i</subfield>
          </datafield>
          <datafield tag="930" ind1=" " ind2=" ">
            <subfield code="5">341722103:21480447X</subfield>
            <subfield code="b">341722103</subfield>
            <subfield code="a">154 FRI</subfield>
            <subfield code="j">u</subfield>
          </datafield>
          <datafield tag="930" ind1=" " ind2=" ">
            <subfield code="5">441092102:220345759</subfield>
            <subfield code="b">441092102</subfield>
            <subfield code="a">150.195 FRI</subfield>
            <subfield code="j">u</subfield>
          </datafield>
          <datafield tag="930" ind1=" " ind2=" ">
            <subfield code="5">810042101:211490989</subfield>
            <subfield code="b">810042101</subfield>
            <subfield code="a">150.195 FRI</subfield>
            <subfield code="j">u</subfield>
          </datafield>
          <datafield tag="930" ind1=" " ind2=" ">
            <subfield code="5">315552102:245960309</subfield>
            <subfield code="b">315552102</subfield>
            <subfield code="a">150.195 FRI</subfield>
            <subfield code="j">u</subfield>
          </datafield>
          <datafield tag="915" ind1=" " ind2=" ">
            <subfield code="5">372612102:221901450</subfield>
            <subfield code="a">S 16529</subfield>
            <subfield code="b">0912314754</subfield>
          </datafield>
          <datafield tag="930" ind1=" " ind2=" ">
            <subfield code="5">372612102:221901450</subfield>
            <subfield code="b">372612102</subfield>
            <subfield code="c">BU-LET</subfield>
            <subfield code="d">SAL-L1</subfield>
            <subfield code="a">150.195 FRI</subfield>
            <subfield code="j">u</subfield>
          </datafield>
          <datafield tag="915" ind1=" " ind2=" ">
            <subfield code="5">751132105:212847082</subfield>
            <subfield code="a">A/</subfield>
          </datafield>
          <datafield tag="930" ind1=" " ind2=" ">
            <subfield code="5">751132105:212847082</subfield>
            <subfield code="b">751132105</subfield>
            <subfield code="a">159.964.1 FRI</subfield>
            <subfield code="j">u</subfield>
          </datafield>
          <datafield tag="915" ind1=" " ind2=" ">
            <subfield code="5">930662101:214490580</subfield>
            <subfield code="b">025396831</subfield>
          </datafield>
          <datafield tag="930" ind1=" " ind2=" ">
            <subfield code="5">930662101:214490580</subfield>
            <subfield code="b">930662101</subfield>
            <subfield code="a">159.964.27 FRI</subfield>
            <subfield code="j">u</subfield>
          </datafield>
          <datafield tag="930" ind1=" " ind2=" ">
            <subfield code="5">920502102:215124529</subfield>
            <subfield code="b">920502102</subfield>
            <subfield code="a">159.964 FRI</subfield>
            <subfield code="j">u</subfield>
          </datafield>
          <datafield tag="915" ind1=" " ind2=" ">
            <subfield code="5">930792101:214181839</subfield>
            <subfield code="b">0152248592</subfield>
          </datafield>
          <datafield tag="930" ind1=" " ind2=" ">
            <subfield code="5">930792101:214181839</subfield>
            <subfield code="b">930792101</subfield>
            <subfield code="a">159.964 FRI</subfield>
            <subfield code="j">u</subfield>
          </datafield>
          <datafield tag="915" ind1=" " ind2=" ">
            <subfield code="5">751052116:226518574</subfield>
            <subfield code="a">B10796951</subfield>
            <subfield code="b">9108191717</subfield>
          </datafield>
          <datafield tag="917" ind1=" " ind2=" ">
            <subfield code="5">751052116:226518574</subfield>
            <subfield code="a">aaba</subfield>
          </datafield>
          <datafield tag="930" ind1=" " ind2=" ">
            <subfield code="5">751052116:226518574</subfield>
            <subfield code="b">751052116</subfield>
            <subfield code="a">8 R SUP 54772</subfield>
            <subfield code="j">s</subfield>
          </datafield>
        </record>
      </recordData>
      <recordPosition>21</recordPosition>
    </record>