
    <record>
      <recordSchema>dc</recordSchema>
      <recordPacking>xml</recordPacking>
      <recordData>
        <record xsi:schemaLocation="http://www.loc.gov/MARC21/slim http://www.loc.gov/standards/marcxml/schema/MARC21slim.xsd" xmlns="http://www.loc.gov/MARC21/slim" xmlns:xsi="http://www.w3.org/2001/XMLSchema-instance">
          <leader>02186cam0 2200505   4500</leader>
          <controlfield tag="001">078820979</controlfield>
          <controlfield tag="005">20050128160903.000</controlfield>
          <datafield tag="010" ind1=" " ind2=" ">
            <subfield code="a">2-7475-6158-5</subfield>
            <subfield code="b">br.</subfield>
            <subfield code="d">17 EUR</subfield>
          </datafield>
          <datafield tag="035" ind1=" " ind2=" ">
            <subfield code="5">490072106</subfield>
            <subfield code="a">749602</subfield>
          </datafield>
          <datafield tag="100" ind1=" " ind2=" ">
            <subfield code="a">20040609d2004    m  y0frey0103    ba</subfield>
          </datafield>
          <datafield tag="101" ind1="0" ind2=" ">
            <subfield code="a">fre</subfield>
          </datafield>
          <datafield tag="102" ind1=" " ind2=" ">
            <subfield code="a">FR</subfield>
          </datafield>
          <datafield tag="105" ind1=" " ind2=" ">
            <subfield code="a">a   a   000yy</subfield>
          </datafield>
          <datafield tag="106" ind1=" " ind2=" ">
            <subfield code="a">r</subfield>
          </datafield>
          <datafield tag="200" ind1="1" ind2=" ">
            <subfield code="a">Portraits de femmes</subfield>
            <subfield code="b">Texte imprimé</subfield>
            <subfield code="f">Jean Lorrain</subfield>
            <subfield code="g">établissement des textes, notes, bibliographie et essai sur l'auteur par Pascal Noir</subfield>
          </datafield>
          <datafield tag="210" ind1=" " ind2=" ">
            <subfield code="a">Paris</subfield>
            <subfield code="a">Budapest</subfield>
            <subfield code="a">Torino</subfield>
            <subfield code="c">l'Harmattan</subfield>
            <subfield code="d">2004</subfield>
          </datafield>
          <datafield tag="215" ind1=" " ind2=" ">
            <subfield code="a">192 p.</subfield>
            <subfield code="c">ill.</subfield>
            <subfield code="d">22 cm</subfield>
          </datafield>
          <datafield tag="225" ind1="0" ind2=" ">
            <subfield code="a">&lt;?char 136 ?&gt;Les &lt;?char 137 ?&gt;Introuvables</subfield>
            <subfield code="x">0336-8009</subfield>
          </datafield>
          <datafield tag="320" ind1=" " ind2=" ">
            <subfield code="a">Bibliogr. p. [179]-190. Notes bibliogr</subfield>
          </datafield>
          <datafield tag="327" ind1="1" ind2=" ">
            <subfield code="a">Madame Pygmalion</subfield>
            <subfield code="a">Mademoiselle Ganymède</subfield>
            <subfield code="a">Madame Oedipe</subfield>
            <subfield code="a">La marquise Hérode</subfield>
          </datafield>
          <datafield tag="410" ind1=" " ind2=" ">
            <subfield code="0">001023012</subfield>
            <subfield code="t">&lt;?char 136 ?&gt;Les &lt;?char 137 ?&gt;Introuvables (Paris)</subfield>
            <subfield code="x">0336-8009</subfield>
          </datafield>
          <datafield tag="600" ind1=" " ind2="1">
            <subfield code="3">026994739</subfield>
            <subfield code="a">Lorrain</subfield>
            <subfield code="b">Jean</subfield>
            <subfield code="f">1855-1906</subfield>
            <subfield code="3">028633067</subfield>
            <subfield code="x">Critique et interprétation</subfield>
            <subfield code="2">rameau</subfield>
          </datafield>
          <datafield tag="606" ind1="1" ind2=" ">
            <subfield code="3">027231666</subfield>
            <subfield code="a">Apogée et décadence</subfield>
            <subfield code="3">028054679</subfield>
            <subfield code="x">Dans la littérature</subfield>
            <subfield code="2">rameau</subfield>
          </datafield>
          <datafield tag="606" ind1="1" ind2=" ">
            <subfield code="3">028204999</subfield>
            <subfield code="a">Femmes</subfield>
            <subfield code="x">Dans la littérature</subfield>
            <subfield code="2">rameau</subfield>
          </datafield>
          <datafield tag="700" ind1=" " ind2="1">
            <subfield code="3">026994739</subfield>
            <subfield code="a">Lorrain</subfield>
            <subfield code="b">Jean</subfield>
            <subfield code="f">1855-1906</subfield>
            <subfield code="4">070</subfield>
          </datafield>
          <datafield tag="702" ind1=" " ind2="1">
            <subfield code="3">034351655</subfield>
            <subfield code="a">Noir</subfield>
            <subfield code="b">Pascal</subfield>
            <subfield code="4">340</subfield>
          </datafield>
          <datafield tag="801" ind1=" " ind2="3">
            <subfield code="a">FR</subfield>
            <subfield code="b">Abes</subfield>
            <subfield code="c">20050128</subfield>
            <subfield code="g">AFNOR</subfield>
          </datafield>
          <datafield tag="915" ind1=" " ind2=" ">
            <subfield code="5">490072106:20979075X</subfield>
            <subfield code="b">32223004803185</subfield>
          </datafield>
          <datafield tag="930" ind1=" " ind2=" ">
            <subfield code="5">490072106:20979075X</subfield>
            <subfield code="b">490072106</subfield>
            <subfield code="j">u</subfield>
          </datafield>
          <datafield tag="915" ind1=" " ind2=" ">
            <subfield code="5">141182101:208938095</subfield>
            <subfield code="a">554550</subfield>
            <subfield code="b">0063389010</subfield>
          </datafield>
          <datafield tag="917" ind1=" " ind2=" ">
            <subfield code="5">141182101:208938095</subfield>
            <subfield code="a">aaau</subfield>
          </datafield>
          <datafield tag="930" ind1=" " ind2=" ">
            <subfield code="5">141182101:208938095</subfield>
            <subfield code="b">141182101</subfield>
            <subfield code="c">BUDL</subfield>
            <subfield code="d">BUDL</subfield>
            <subfield code="l">MAG</subfield>
            <subfield code="a">554550</subfield>
            <subfield code="j">u</subfield>
          </datafield>
          <datafield tag="930" ind1=" " ind2=" ">
            <subfield code="5">631132214:212549650</subfield>
            <subfield code="b">631132214</subfield>
            <subfield code="j">u</subfield>
          </datafield>
          <datafield tag="915" ind1=" " ind2=" ">
            <subfield code="5">514542102:210522615</subfield>
            <subfield code="a">LE041590</subfield>
          </datafield>
          <datafield tag="917" ind1=" " ind2=" ">
            <subfield code="5">514542102:210522615</subfield>
            <subfield code="a">aaax</subfield>
          </datafield>
          <datafield tag="930" ind1=" " ind2=" ">
            <subfield code="5">514542102:210522615</subfield>
            <subfield code="b">514542102</subfield>
          </datafield>
          <datafield tag="999" ind1=" " ind2=" ">
            <subfield code="5">514542102:210522615</subfield>
            <subfield code="a">LEOUV</subfield>
          </datafield>
          <datafield tag="915" ind1=" " ind2=" ">
            <subfield code="5">372612102:216356407</subfield>
            <subfield code="a">XD 25151</subfield>
            <subfield code="b">0912293042</subfield>
          </datafield>
          <datafield tag="930" ind1=" " ind2=" ">
            <subfield code="5">372612102:216356407</subfield>
            <subfield code="b">372612102</subfield>
            <subfield code="c">BU-LET</subfield>
            <subfield code="d">SAL-L1</subfield>
            <subfield code="a">848.8 LOR</subfield>
            <subfield code="j">u</subfield>
          </datafield>
          <datafield tag="915" ind1=" " ind2=" ">
            <subfield code="5">930662101:222081775</subfield>
            <subfield code="b">025396196</subfield>
          </datafield>
          <datafield tag="930" ind1=" " ind2=" ">
            <subfield code="5">930662101:222081775</subfield>
            <subfield code="b">930662101</subfield>
            <subfield code="a">840"18" LOR 2</subfield>
            <subfield code="j">u</subfield>
          </datafield>
          <datafield tag="930" ind1=" " ind2=" ">
            <subfield code="5">920502102:210850094</subfield>
            <subfield code="b">920502102</subfield>
            <subfield code="a">840"18" LOR 7 Por</subfield>
            <subfield code="j">u</subfield>
          </datafield>
          <datafield tag="915" ind1=" " ind2=" ">
            <subfield code="5">751052116:220412804</subfield>
            <subfield code="a">B10792516</subfield>
            <subfield code="b">9108125057</subfield>
          </datafield>
          <datafield tag="917" ind1=" " ind2=" ">
            <subfield code="5">751052116:220412804</subfield>
            <subfield code="a">aaba</subfield>
          </datafield>
          <datafield tag="930" ind1=" " ind2=" ">
            <subfield code="5">751052116:220412804</subfield>
            <subfield code="b">751052116</subfield>
            <subfield code="a">8 Y SUP 90129</subfield>
            <subfield code="j">s</subfield>
          </datafield>
        </record>
      </recordData>
      <recordPosition>22</recordPosition>
    </record>