
    <record>
      <recordSchema>dc</recordSchema>
      <recordPacking>xml</recordPacking>
      <recordData>
        <record xsi:schemaLocation="http://www.loc.gov/MARC21/slim http://www.loc.gov/standards/marcxml/schema/MARC21slim.xsd" xmlns="http://www.loc.gov/MARC21/slim" xmlns:xsi="http://www.w3.org/2001/XMLSchema-instance">
          <leader>03758cgm0 2200565   4500</leader>
          <controlfield tag="001">078784441</controlfield>
          <controlfield tag="005">20050303165414.000</controlfield>
          <datafield tag="071" ind1="0" ind2="1">
            <subfield code="a">786772</subfield>
          </datafield>
          <datafield tag="100" ind1=" " ind2=" ">
            <subfield code="a">20040607i20041962m  y0frey0103    ba</subfield>
          </datafield>
          <datafield tag="101" ind1="2" ind2=" ">
            <subfield code="a">ita</subfield>
            <subfield code="c">ita</subfield>
            <subfield code="j">fre</subfield>
          </datafield>
          <datafield tag="102" ind1=" " ind2=" ">
            <subfield code="a">FR</subfield>
          </datafield>
          <datafield tag="115" ind1=" " ind2=" ">
            <subfield code="a">c350caz|xbxz   xkxxc</subfield>
            <subfield code="b">|||||||||||||||</subfield>
          </datafield>
          <datafield tag="200" ind1="1" ind2=" ">
            <subfield code="a">Pier Paolo Pasolini</subfield>
            <subfield code="b">Images animées</subfield>
            <subfield code="e">les années 60</subfield>
            <subfield code="e">en 7 films et autres surprises</subfield>
            <subfield code="f">Pier Paolo Pasolini, réal.</subfield>
          </datafield>
          <datafield tag="210" ind1=" " ind2=" ">
            <subfield code="a">[Paris]</subfield>
            <subfield code="c">Carlotta films [éd.]</subfield>
            <subfield code="c">Gaumont Columbia tristar home vidéo [distrib.]</subfield>
            <subfield code="d">2004</subfield>
          </datafield>
          <datafield tag="215" ind1=" " ind2=" ">
            <subfield code="a">3 DVD zone 2 (5 h)</subfield>
            <subfield code="c">n. et b. et coul. (PAL), sonore</subfield>
          </datafield>
          <datafield tag="300" ind1=" " ind2=" ">
            <subfield code="a">Version originale en italien sous-titrée en français</subfield>
          </datafield>
          <datafield tag="327" ind1="1" ind2=" ">
            <subfield code="a">Accattone / Pier Paolo Pasolini, réal., scénario ; Sergio Citti, dial ; Franco Citti, Franca Pasut, Silvana Corsini... [et al.], act. Film réalisé en 1961</subfield>
            <subfield code="a">Pasolini l'enragé / Jean-André Fieschi, réal. ; Pier Paolo Pasolini, participant. Collection Cinéma de notre temps. Cop. : Amip, La Sept, INA, 1992</subfield>
            <subfield code="a">Uccelacci e uccellini = Des oiseaux petits et gros / Pier Paolo Pasolini, réal., scénario ; Ennio Morricone, mus. ; Toto, Ninetto Davoli, Femi Benussi... [et al.], act. Film réalisé en 1966</subfield>
            <subfield code="a">La ricotta : extrait du film ROGOPAG / Pier Paolo Pasolini, réal., scénario ; Orson Welles, Mario Cipriani, Laura Betti... [et al.], act. Film réalisé en 1962</subfield>
            <subfield code="a">Toto au cirque : scène coupée du film "Des oiseaux petits et grands" (1966)</subfield>
            <subfield code="a">La sequenza del fiore di carta = La séquence de la fleur de papier  : extrait du film "Amore e rabbia" / Pier Paolo Pasolini, réal. ; Ninetto Davoli, act.</subfield>
            <subfield code="a">Qu'est-ce que les nuages ? : sketch extrait du film "Caprice à l'italienne" (1968) / Pier Paolo Pasolini, réal.</subfield>
            <subfield code="a">Edipo re = Oedipe roi / Pier Paolo Pasolini, réal., scénario ; Silvana Mangano, Franco Citti, Alida Valli... [et al.], act. Film réalisé en 1967</subfield>
            <subfield code="a">Comizi d'amore = Enquête sur la sexualité / Pier Paolo Pasolini, réal. ; Alberto Moravia, Cesare Musatti, comment., interview. Film réalisé en 1967</subfield>
          </datafield>
          <datafield tag="510" ind1=" " ind2=" ">
            <subfield code="a">&lt;?char 136 ?&gt;Des &lt;?char 137 ?&gt;oiseaux petits et gros</subfield>
          </datafield>
          <datafield tag="510" ind1=" " ind2=" ">
            <subfield code="a">Oedipe roi</subfield>
          </datafield>
          <datafield tag="510" ind1=" " ind2=" ">
            <subfield code="a">Enquête sur la sexualité</subfield>
          </datafield>
          <datafield tag="510" ind1=" " ind2=" ">
            <subfield code="a">&lt;?char 136 ?&gt;La &lt;?char 137 ?&gt;séquence de la fleur de papier</subfield>
          </datafield>
          <datafield tag="700" ind1=" " ind2="1">
            <subfield code="3">027059456</subfield>
            <subfield code="a">Pasolini</subfield>
            <subfield code="b">Pier Paolo</subfield>
            <subfield code="f">1922-1975</subfield>
            <subfield code="4">300</subfield>
            <subfield code="4">690</subfield>
          </datafield>
          <datafield tag="702" ind1=" " ind2="1">
            <subfield code="3">034708227</subfield>
            <subfield code="a">Fieschi</subfield>
            <subfield code="b">Jean-André</subfield>
            <subfield code="4">300</subfield>
          </datafield>
          <datafield tag="702" ind1=" " ind2="1">
            <subfield code="3">077447115</subfield>
            <subfield code="a">Morricone</subfield>
            <subfield code="b">Ennio</subfield>
            <subfield code="f">1928-....</subfield>
            <subfield code="4">230</subfield>
          </datafield>
          <datafield tag="702" ind1=" " ind2="1">
            <subfield code="3">069165939</subfield>
            <subfield code="a">Citti</subfield>
            <subfield code="b">Franco</subfield>
            <subfield code="f">1935-....</subfield>
            <subfield code="4">005</subfield>
          </datafield>
          <datafield tag="702" ind1=" " ind2="1">
            <subfield code="3">074587250</subfield>
            <subfield code="a">Davoli</subfield>
            <subfield code="b">Ninetto</subfield>
            <subfield code="f">1948-....</subfield>
            <subfield code="4">005</subfield>
          </datafield>
          <datafield tag="702" ind1=" " ind2="1">
            <subfield code="3">078808669</subfield>
            <subfield code="a">Pasut</subfield>
            <subfield code="b">Franca</subfield>
            <subfield code="4">005</subfield>
          </datafield>
          <datafield tag="702" ind1=" " ind2="1">
            <subfield code="3">078808766</subfield>
            <subfield code="a">Scaringella</subfield>
            <subfield code="b">Roberto</subfield>
            <subfield code="4">005</subfield>
          </datafield>
          <datafield tag="702" ind1=" " ind2="1">
            <subfield code="3">078808944</subfield>
            <subfield code="a">Corsini</subfield>
            <subfield code="b">Silvana</subfield>
            <subfield code="4">005</subfield>
          </datafield>
          <datafield tag="702" ind1=" " ind2="1">
            <subfield code="3">027195082</subfield>
            <subfield code="a">Welles</subfield>
            <subfield code="b">Orson</subfield>
            <subfield code="f">1915-1985</subfield>
            <subfield code="4">005</subfield>
          </datafield>
          <datafield tag="702" ind1=" " ind2="1">
            <subfield code="3">078809061</subfield>
            <subfield code="a">Cipriani</subfield>
            <subfield code="b">Mario</subfield>
            <subfield code="4">005</subfield>
          </datafield>
          <datafield tag="702" ind1=" " ind2="1">
            <subfield code="3">059741813</subfield>
            <subfield code="a">Betti</subfield>
            <subfield code="b">Laura</subfield>
            <subfield code="f">1934-2004</subfield>
            <subfield code="4">005</subfield>
          </datafield>
          <datafield tag="702" ind1=" " ind2="1">
            <subfield code="3">02703710X</subfield>
            <subfield code="a">Moravia</subfield>
            <subfield code="b">Alberto</subfield>
            <subfield code="f">1907-1990</subfield>
            <subfield code="4">460</subfield>
          </datafield>
          <datafield tag="702" ind1=" " ind2="1">
            <subfield code="3">028420993</subfield>
            <subfield code="a">Musatti</subfield>
            <subfield code="b">Cesare</subfield>
            <subfield code="f">1897-1989</subfield>
            <subfield code="4">460</subfield>
          </datafield>
          <datafield tag="702" ind1=" " ind2="1">
            <subfield code="3">027515915</subfield>
            <subfield code="a">Totò</subfield>
            <subfield code="f">1898-1967</subfield>
            <subfield code="4">005</subfield>
          </datafield>
          <datafield tag="702" ind1=" " ind2="1">
            <subfield code="3">078809207</subfield>
            <subfield code="a">Benussi</subfield>
            <subfield code="b">Femi</subfield>
            <subfield code="f">1948-....</subfield>
            <subfield code="4">005</subfield>
          </datafield>
          <datafield tag="702" ind1=" " ind2="1">
            <subfield code="3">035759607</subfield>
            <subfield code="a">Mangano</subfield>
            <subfield code="b">Silvana</subfield>
            <subfield code="f">1930-1989</subfield>
            <subfield code="4">005</subfield>
          </datafield>
          <datafield tag="702" ind1=" " ind2="1">
            <subfield code="3">052615022</subfield>
            <subfield code="a">Valli</subfield>
            <subfield code="b">Alida</subfield>
            <subfield code="f">1921-2006</subfield>
            <subfield code="4">005</subfield>
          </datafield>
          <datafield tag="801" ind1=" " ind2="3">
            <subfield code="a">FR</subfield>
            <subfield code="b">Abes</subfield>
            <subfield code="c">20050303</subfield>
            <subfield code="g">AFNOR</subfield>
          </datafield>
          <datafield tag="930" ind1=" " ind2=" ">
            <subfield code="5">335222109:217864309</subfield>
            <subfield code="b">335222109</subfield>
            <subfield code="a">790.45 PAS</subfield>
            <subfield code="j">g</subfield>
          </datafield>
          <datafield tag="915" ind1=" " ind2=" ">
            <subfield code="5">661362102:209470887</subfield>
            <subfield code="b">0PEL0173295</subfield>
          </datafield>
          <datafield tag="930" ind1=" " ind2=" ">
            <subfield code="5">661362102:209470887</subfield>
            <subfield code="b">661362102</subfield>
            <subfield code="a">F PAS</subfield>
            <subfield code="j">g</subfield>
          </datafield>
          <datafield tag="999" ind1=" " ind2=" ">
            <subfield code="5">661362102:209470887</subfield>
            <subfield code="f">CXR</subfield>
          </datafield>
          <datafield tag="915" ind1=" " ind2=" ">
            <subfield code="5">352382101:223984094</subfield>
            <subfield code="a">0285842025</subfield>
            <subfield code="b">0285842025</subfield>
          </datafield>
          <datafield tag="917" ind1=" " ind2=" ">
            <subfield code="5">352382101:223984094</subfield>
            <subfield code="a">abab</subfield>
          </datafield>
          <datafield tag="930" ind1=" " ind2=" ">
            <subfield code="5">352382101:223984094</subfield>
            <subfield code="b">352382101</subfield>
            <subfield code="a">791.437 PAS Ann/1</subfield>
            <subfield code="j">g</subfield>
            <subfield code="g">791V</subfield>
          </datafield>
          <datafield tag="930" ind1=" " ind2=" ">
            <subfield code="5">315552102:222241632</subfield>
            <subfield code="b">315552102</subfield>
            <subfield code="a">F PAS p</subfield>
            <subfield code="j">g</subfield>
          </datafield>
          <datafield tag="915" ind1=" " ind2=" ">
            <subfield code="5">930662101:208552014</subfield>
            <subfield code="b">025392250</subfield>
          </datafield>
          <datafield tag="930" ind1=" " ind2=" ">
            <subfield code="5">930662101:208552014</subfield>
            <subfield code="b">930662101</subfield>
            <subfield code="a">791.43(45) PAS</subfield>
            <subfield code="j">g</subfield>
          </datafield>
          <datafield tag="930" ind1=" " ind2=" ">
            <subfield code="5">920502102:251616444</subfield>
            <subfield code="b">920502102</subfield>
            <subfield code="a">DVD WA 18-19-20 av</subfield>
            <subfield code="j">g</subfield>
          </datafield>
        </record>
      </recordData>
      <recordPosition>23</recordPosition>
    </record>