
    <record>
      <recordSchema>dc</recordSchema>
      <recordPacking>xml</recordPacking>
      <recordData>
        <record xsi:schemaLocation="http://www.loc.gov/MARC21/slim http://www.loc.gov/standards/marcxml/schema/MARC21slim.xsd" xmlns="http://www.loc.gov/MARC21/slim" xmlns:xsi="http://www.w3.org/2001/XMLSchema-instance">
          <leader>04906cam0 2201081   4500</leader>
          <controlfield tag="001">078098718</controlfield>
          <controlfield tag="005">20051212161708.000</controlfield>
          <datafield tag="010" ind1=" " ind2=" ">
            <subfield code="a">2-86272-323-1</subfield>
            <subfield code="b">br.</subfield>
            <subfield code="d">8 EUR</subfield>
          </datafield>
          <datafield tag="035" ind1=" " ind2=" ">
            <subfield code="5">800212104</subfield>
            <subfield code="a">01-0273645</subfield>
          </datafield>
          <datafield tag="100" ind1=" " ind2=" ">
            <subfield code="a">20040513d2004    m  y0frey0103    ba</subfield>
          </datafield>
          <datafield tag="101" ind1="0" ind2=" ">
            <subfield code="a">fre</subfield>
          </datafield>
          <datafield tag="102" ind1=" " ind2=" ">
            <subfield code="a">FR</subfield>
          </datafield>
          <datafield tag="105" ind1=" " ind2=" ">
            <subfield code="a">y   a   000by</subfield>
          </datafield>
          <datafield tag="106" ind1=" " ind2=" ">
            <subfield code="a">r</subfield>
          </datafield>
          <datafield tag="200" ind1="1" ind2=" ">
            <subfield code="a">Oedipe</subfield>
            <subfield code="b">Texte imprimé</subfield>
            <subfield code="f">Corneille et Voltaire</subfield>
            <subfield code="g">textes établis et annotés par Denis Reynaud et Laurent Thirouin,...</subfield>
          </datafield>
          <datafield tag="210" ind1=" " ind2=" ">
            <subfield code="a">[Saint-Etienne]</subfield>
            <subfield code="c">Publications de l'Université de Saint-Etienne</subfield>
            <subfield code="d">2004</subfield>
          </datafield>
          <datafield tag="215" ind1=" " ind2=" ">
            <subfield code="a">1 vol. (225 p.)</subfield>
            <subfield code="c">couv. ill. en coul.</subfield>
            <subfield code="d">17 cm</subfield>
          </datafield>
          <datafield tag="225" ind1="2" ind2=" ">
            <subfield code="a">Textes et contre-textes</subfield>
            <subfield code="x">1627-7112</subfield>
            <subfield code="v">4</subfield>
          </datafield>
          <datafield tag="320" ind1=" " ind2=" ">
            <subfield code="a">Bibliogr. p. 12-13</subfield>
          </datafield>
          <datafield tag="327" ind1="1" ind2=" ">
            <subfield code="a">Oedipe / Corneille</subfield>
            <subfield code="a">Examen d'Oedipe / Corneille</subfield>
            <subfield code="a">Dissertation sur Oedipe / d'Aubignac</subfield>
            <subfield code="a">Oedipe / Voltaire</subfield>
            <subfield code="a">Trois lettres sur Oedipe / Voltaire</subfield>
            <subfield code="a">Remarques sur l'Oedipe de Corneille / Voltaire</subfield>
          </datafield>
          <datafield tag="410" ind1=" " ind2=" ">
            <subfield code="0">058578560</subfield>
            <subfield code="t">Textes et contre-textes</subfield>
            <subfield code="x">1627-7112</subfield>
            <subfield code="v">4</subfield>
          </datafield>
          <datafield tag="676" ind1=" " ind2=" ">
            <subfield code="a">842</subfield>
            <subfield code="v">21a</subfield>
          </datafield>
          <datafield tag="700" ind1=" " ind2="1">
            <subfield code="3">026799472</subfield>
            <subfield code="a">Corneille</subfield>
            <subfield code="b">Pierre</subfield>
            <subfield code="f">1606-1684</subfield>
            <subfield code="4">070</subfield>
          </datafield>
          <datafield tag="701" ind1=" " ind2="1">
            <subfield code="3">027190099</subfield>
            <subfield code="a">Voltaire</subfield>
            <subfield code="f">1694-1778</subfield>
            <subfield code="4">070</subfield>
          </datafield>
          <datafield tag="702" ind1=" " ind2="1">
            <subfield code="3">032369662</subfield>
            <subfield code="a">Reynaud</subfield>
            <subfield code="b">Denis</subfield>
            <subfield code="f">1957-....</subfield>
            <subfield code="4">340</subfield>
          </datafield>
          <datafield tag="702" ind1=" " ind2="1">
            <subfield code="3">03095536X</subfield>
            <subfield code="a">Thirouin</subfield>
            <subfield code="b">Laurent</subfield>
            <subfield code="f">1957-....</subfield>
            <subfield code="4">340</subfield>
          </datafield>
          <datafield tag="801" ind1=" " ind2="3">
            <subfield code="a">FR</subfield>
            <subfield code="b">Abes</subfield>
            <subfield code="c">20051212</subfield>
            <subfield code="g">AFNOR</subfield>
          </datafield>
          <datafield tag="915" ind1=" " ind2=" ">
            <subfield code="5">800212104:211992178</subfield>
            <subfield code="b">0055090624</subfield>
          </datafield>
          <datafield tag="930" ind1=" " ind2=" ">
            <subfield code="5">800212104:211992178</subfield>
            <subfield code="b">800212104</subfield>
            <subfield code="a">842.4 CORN</subfield>
            <subfield code="j">u</subfield>
          </datafield>
          <datafield tag="915" ind1=" " ind2=" ">
            <subfield code="5">490072106:204744717</subfield>
            <subfield code="b">32223004800058</subfield>
          </datafield>
          <datafield tag="930" ind1=" " ind2=" ">
            <subfield code="5">490072106:204744717</subfield>
            <subfield code="b">490072106</subfield>
            <subfield code="j">u</subfield>
          </datafield>
          <datafield tag="915" ind1=" " ind2=" ">
            <subfield code="5">972332101:22482614X</subfield>
            <subfield code="a">99877</subfield>
            <subfield code="b">0621225426</subfield>
          </datafield>
          <datafield tag="930" ind1=" " ind2=" ">
            <subfield code="5">972332101:22482614X</subfield>
            <subfield code="b">972332101</subfield>
            <subfield code="a">842 COR</subfield>
            <subfield code="j">u</subfield>
          </datafield>
          <datafield tag="915" ind1=" " ind2=" ">
            <subfield code="5">840072101:206330928</subfield>
            <subfield code="b">0211383805</subfield>
          </datafield>
          <datafield tag="930" ind1=" " ind2=" ">
            <subfield code="5">840072101:206330928</subfield>
            <subfield code="b">840072101</subfield>
            <subfield code="c">Libre-accès</subfield>
            <subfield code="a">842 OED</subfield>
            <subfield code="j">u</subfield>
          </datafield>
          <datafield tag="992" ind1=" " ind2=" ">
            <subfield code="5">840072101:206330928</subfield>
            <subfield code="a">842</subfield>
            <subfield code="2">cdd</subfield>
          </datafield>
          <datafield tag="915" ind1=" " ind2=" ">
            <subfield code="5">250562101:246883200</subfield>
            <subfield code="b">1146418595</subfield>
          </datafield>
          <datafield tag="930" ind1=" " ind2=" ">
            <subfield code="5">250562101:246883200</subfield>
            <subfield code="b">250562101</subfield>
            <subfield code="a">857693</subfield>
            <subfield code="j">u</subfield>
          </datafield>
          <datafield tag="930" ind1=" " ind2=" ">
            <subfield code="5">335222103:210791063</subfield>
            <subfield code="b">335222103</subfield>
            <subfield code="a">N 840 COR O</subfield>
            <subfield code="j">u</subfield>
          </datafield>
          <datafield tag="930" ind1=" " ind2=" ">
            <subfield code="5">290192101:212812548</subfield>
            <subfield code="b">290192101</subfield>
            <subfield code="l">416531</subfield>
            <subfield code="e">BRUL</subfield>
            <subfield code="a">840 COR O</subfield>
            <subfield code="j">u</subfield>
          </datafield>
          <datafield tag="915" ind1=" " ind2=" ">
            <subfield code="5">141182101:218483686</subfield>
            <subfield code="a">274219</subfield>
            <subfield code="b">0063417379</subfield>
          </datafield>
          <datafield tag="917" ind1=" " ind2=" ">
            <subfield code="5">141182101:218483686</subfield>
            <subfield code="a">aaau</subfield>
          </datafield>
          <datafield tag="930" ind1=" " ind2=" ">
            <subfield code="5">141182101:218483686</subfield>
            <subfield code="b">141182101</subfield>
            <subfield code="c">BUDL</subfield>
            <subfield code="d">BUDL</subfield>
            <subfield code="l">MAG</subfield>
            <subfield code="a">274219</subfield>
            <subfield code="j">u</subfield>
          </datafield>
          <datafield tag="930" ind1=" " ind2=" ">
            <subfield code="5">631132101:209854219</subfield>
            <subfield code="b">631132101</subfield>
            <subfield code="j">u</subfield>
          </datafield>
          <datafield tag="930" ind1=" " ind2=" ">
            <subfield code="5">173002101:219531463</subfield>
            <subfield code="b">173002101</subfield>
            <subfield code="j">u</subfield>
          </datafield>
          <datafield tag="930" ind1=" " ind2=" ">
            <subfield code="5">870852107:210201134</subfield>
            <subfield code="b">870852107</subfield>
            <subfield code="a">840 COR 7</subfield>
            <subfield code="j">u</subfield>
          </datafield>
          <datafield tag="930" ind1=" " ind2=" ">
            <subfield code="5">693872103:217262104</subfield>
            <subfield code="b">693872103</subfield>
            <subfield code="j">u</subfield>
          </datafield>
          <datafield tag="915" ind1=" " ind2=" ">
            <subfield code="5">693872101:206554869</subfield>
            <subfield code="b">20102761</subfield>
          </datafield>
          <datafield tag="930" ind1=" " ind2=" ">
            <subfield code="5">693872101:206554869</subfield>
            <subfield code="b">693872101</subfield>
            <subfield code="a">842.4 OED</subfield>
            <subfield code="j">u</subfield>
          </datafield>
          <datafield tag="915" ind1=" " ind2=" ">
            <subfield code="5">693872305:255098774</subfield>
            <subfield code="b">137175</subfield>
          </datafield>
          <datafield tag="930" ind1=" " ind2=" ">
            <subfield code="5">693872305:255098774</subfield>
            <subfield code="b">693872305</subfield>
            <subfield code="a">84/1 oed</subfield>
            <subfield code="j">s</subfield>
          </datafield>
          <datafield tag="915" ind1=" " ind2=" ">
            <subfield code="5">574632105:215270916</subfield>
            <subfield code="a">41751L</subfield>
            <subfield code="b">0315055081</subfield>
          </datafield>
          <datafield tag="917" ind1=" " ind2=" ">
            <subfield code="5">574632105:215270916</subfield>
            <subfield code="a">abac</subfield>
          </datafield>
          <datafield tag="930" ind1=" " ind2=" ">
            <subfield code="5">574632105:215270916</subfield>
            <subfield code="b">574632105</subfield>
            <subfield code="c">osscl</subfield>
            <subfield code="a">842.4 COR</subfield>
            <subfield code="j">u</subfield>
          </datafield>
          <datafield tag="990" ind1=" " ind2=" ">
            <subfield code="5">574632105:215270916</subfield>
            <subfield code="0">6</subfield>
          </datafield>
          <datafield tag="992" ind1=" " ind2=" ">
            <subfield code="5">574632105:215270916</subfield>
            <subfield code="a">842.4</subfield>
            <subfield code="2">21</subfield>
          </datafield>
          <datafield tag="930" ind1=" " ind2=" ">
            <subfield code="5">441092102:213341166</subfield>
            <subfield code="b">441092102</subfield>
            <subfield code="a">842 COR</subfield>
            <subfield code="j">u</subfield>
          </datafield>
          <datafield tag="930" ind1=" " ind2=" ">
            <subfield code="5">644452202:249120801</subfield>
            <subfield code="b">644452202</subfield>
            <subfield code="a">81.5 (08) OED</subfield>
            <subfield code="j">s</subfield>
          </datafield>
          <datafield tag="915" ind1=" " ind2=" ">
            <subfield code="5">661362102:210165286</subfield>
            <subfield code="b">0PEL0175771</subfield>
          </datafield>
          <datafield tag="930" ind1=" " ind2=" ">
            <subfield code="5">661362102:210165286</subfield>
            <subfield code="b">661362102</subfield>
            <subfield code="a">840 CORN</subfield>
            <subfield code="j">u</subfield>
          </datafield>
          <datafield tag="999" ind1=" " ind2=" ">
            <subfield code="5">661362102:210165286</subfield>
            <subfield code="f">CXR</subfield>
          </datafield>
          <datafield tag="915" ind1=" " ind2=" ">
            <subfield code="5">514542102:21298537X</subfield>
            <subfield code="a">LE041521</subfield>
          </datafield>
          <datafield tag="917" ind1=" " ind2=" ">
            <subfield code="5">514542102:21298537X</subfield>
            <subfield code="a">aaax</subfield>
          </datafield>
          <datafield tag="930" ind1=" " ind2=" ">
            <subfield code="5">514542102:21298537X</subfield>
            <subfield code="b">514542102</subfield>
            <subfield code="j">u</subfield>
          </datafield>
          <datafield tag="999" ind1=" " ind2=" ">
            <subfield code="5">514542102:21298537X</subfield>
            <subfield code="a">LEOUV</subfield>
          </datafield>
          <datafield tag="915" ind1=" " ind2=" ">
            <subfield code="5">764512101:214196623</subfield>
            <subfield code="b">2000163753</subfield>
          </datafield>
          <datafield tag="930" ind1=" " ind2=" ">
            <subfield code="5">764512101:214196623</subfield>
            <subfield code="b">764512101</subfield>
            <subfield code="a">XD21043</subfield>
            <subfield code="j">u</subfield>
          </datafield>
          <datafield tag="930" ind1=" " ind2=" ">
            <subfield code="5">422182208:210153709</subfield>
            <subfield code="b">422182208</subfield>
            <subfield code="a">842.4 COR</subfield>
            <subfield code="j">g</subfield>
          </datafield>
          <datafield tag="930" ind1=" " ind2=" ">
            <subfield code="5">422182101:215283929</subfield>
            <subfield code="b">422182101</subfield>
            <subfield code="j">u</subfield>
          </datafield>
          <datafield tag="930" ind1=" " ind2=" ">
            <subfield code="5">674821001:206337140</subfield>
            <subfield code="b">674821001</subfield>
            <subfield code="a">CF.234.597</subfield>
            <subfield code="j">u</subfield>
          </datafield>
          <datafield tag="990" ind1=" " ind2=" ">
            <subfield code="5">674821001:206337140</subfield>
            <subfield code="0">FBFL</subfield>
          </datafield>
          <datafield tag="930" ind1=" " ind2=" ">
            <subfield code="5">674822116:212969374</subfield>
            <subfield code="b">674822116</subfield>
            <subfield code="a">AU 842 COR</subfield>
            <subfield code="j">u</subfield>
          </datafield>
          <datafield tag="930" ind1=" " ind2=" ">
            <subfield code="5">315552102:204540895</subfield>
            <subfield code="b">315552102</subfield>
            <subfield code="a">842.4 COR</subfield>
            <subfield code="j">u</subfield>
          </datafield>
          <datafield tag="915" ind1=" " ind2=" ">
            <subfield code="5">372612102:214554570</subfield>
            <subfield code="a">XD 25075</subfield>
            <subfield code="b">0912295930</subfield>
          </datafield>
          <datafield tag="930" ind1=" " ind2=" ">
            <subfield code="5">372612102:214554570</subfield>
            <subfield code="b">372612102</subfield>
            <subfield code="c">BU-LET</subfield>
            <subfield code="d">MAG-L</subfield>
            <subfield code="a">XD 25075</subfield>
            <subfield code="j">u</subfield>
          </datafield>
          <datafield tag="999" ind1=" " ind2=" ">
            <subfield code="5">372612102:214554570</subfield>
            <subfield code="x">848.4 COR</subfield>
          </datafield>
          <datafield tag="915" ind1=" " ind2=" ">
            <subfield code="5">596062101:252812301</subfield>
            <subfield code="b">3002400533184</subfield>
          </datafield>
          <datafield tag="917" ind1=" " ind2=" ">
            <subfield code="5">596062101:252812301</subfield>
            <subfield code="a">aaac</subfield>
          </datafield>
          <datafield tag="930" ind1=" " ind2=" ">
            <subfield code="5">596062101:252812301</subfield>
            <subfield code="b">596062101</subfield>
            <subfield code="d">MHOUY</subfield>
            <subfield code="l">SDLLP</subfield>
            <subfield code="a">PQ 1741 COR</subfield>
            <subfield code="j">u</subfield>
          </datafield>
          <datafield tag="930" ind1=" " ind2=" ">
            <subfield code="5">751052219:212802135</subfield>
            <subfield code="b">751052219</subfield>
            <subfield code="a">Tf 240</subfield>
            <subfield code="j">u</subfield>
          </datafield>
          <datafield tag="930" ind1=" " ind2=" ">
            <subfield code="5">751052102:227644549</subfield>
            <subfield code="b">751052102</subfield>
            <subfield code="a">840"16" COR</subfield>
            <subfield code="j">u</subfield>
          </datafield>
          <datafield tag="930" ind1=" " ind2=" ">
            <subfield code="5">751082101:212899252</subfield>
            <subfield code="b">751082101</subfield>
            <subfield code="a">LE 10453</subfield>
            <subfield code="j">u</subfield>
          </datafield>
          <datafield tag="930" ind1=" " ind2=" ">
            <subfield code="5">751052227:217326390</subfield>
            <subfield code="b">751052227</subfield>
            <subfield code="a">NTA 1285</subfield>
            <subfield code="j">g</subfield>
          </datafield>
          <datafield tag="915" ind1=" " ind2=" ">
            <subfield code="5">930662101:217976883</subfield>
            <subfield code="b">025396503</subfield>
          </datafield>
          <datafield tag="930" ind1=" " ind2=" ">
            <subfield code="5">930662101:217976883</subfield>
            <subfield code="b">930662101</subfield>
            <subfield code="a">840"17" VOL 7</subfield>
            <subfield code="j">u</subfield>
          </datafield>
          <datafield tag="930" ind1=" " ind2=" ">
            <subfield code="5">920502102:20952653X</subfield>
            <subfield code="b">920502102</subfield>
            <subfield code="a">840"16/17" Oed</subfield>
            <subfield code="j">u</subfield>
          </datafield>
          <datafield tag="915" ind1=" " ind2=" ">
            <subfield code="5">751052105:211944874</subfield>
            <subfield code="a">a/465201</subfield>
            <subfield code="b">1155165711</subfield>
          </datafield>
          <datafield tag="917" ind1=" " ind2=" ">
            <subfield code="5">751052105:211944874</subfield>
            <subfield code="a">aaaa</subfield>
          </datafield>
          <datafield tag="930" ind1=" " ind2=" ">
            <subfield code="5">751052105:211944874</subfield>
            <subfield code="b">751052105</subfield>
            <subfield code="c">Salle de lecture</subfield>
            <subfield code="d">Communication indirecte</subfield>
            <subfield code="a">M 6= 2427</subfield>
            <subfield code="j">u</subfield>
          </datafield>
          <datafield tag="999" ind1=" " ind2=" ">
            <subfield code="5">751052105:211944874</subfield>
            <subfield code="a">aa</subfield>
            <subfield code="b">DSS2</subfield>
          </datafield>
          <datafield tag="915" ind1=" " ind2=" ">
            <subfield code="5">751052116:204789141</subfield>
            <subfield code="a">B10779403</subfield>
            <subfield code="b">9107614071</subfield>
          </datafield>
          <datafield tag="917" ind1=" " ind2=" ">
            <subfield code="5">751052116:204789141</subfield>
            <subfield code="a">aaba</subfield>
          </datafield>
          <datafield tag="930" ind1=" " ind2=" ">
            <subfield code="5">751052116:204789141</subfield>
            <subfield code="b">751052116</subfield>
            <subfield code="a">8 Y SUP 87805</subfield>
            <subfield code="j">s</subfield>
          </datafield>
        </record>
      </recordData>
      <recordPosition>24</recordPosition>
    </record>