
    <record>
      <recordSchema>dc</recordSchema>
      <recordPacking>xml</recordPacking>
      <recordData>
        <record xsi:schemaLocation="http://www.loc.gov/MARC21/slim http://www.loc.gov/standards/marcxml/schema/MARC21slim.xsd" xmlns="http://www.loc.gov/MARC21/slim" xmlns:xsi="http://www.w3.org/2001/XMLSchema-instance">
          <leader>01181cam0 2200313   4500</leader>
          <controlfield tag="001">077218337</controlfield>
          <controlfield tag="005">20041008164645.000</controlfield>
          <datafield tag="010" ind1=" " ind2=" ">
            <subfield code="a">2-7427-4474-6</subfield>
            <subfield code="b">br.</subfield>
            <subfield code="d">12 Euros</subfield>
          </datafield>
          <datafield tag="100" ind1=" " ind2=" ">
            <subfield code="a">20040401d2003    k  y0frey0103    ba</subfield>
          </datafield>
          <datafield tag="101" ind1="0" ind2=" ">
            <subfield code="a">fre</subfield>
          </datafield>
          <datafield tag="102" ind1=" " ind2=" ">
            <subfield code="a">FR</subfield>
          </datafield>
          <datafield tag="105" ind1=" " ind2=" ">
            <subfield code="a">y   ||||000by</subfield>
          </datafield>
          <datafield tag="106" ind1=" " ind2=" ">
            <subfield code="a">r</subfield>
          </datafield>
          <datafield tag="200" ind1="1" ind2=" ">
            <subfield code="a">Oedipe sur la route</subfield>
            <subfield code="b">Texte imprimé</subfield>
            <subfield code="e">opéra en quatre actes</subfield>
            <subfield code="f">Livret d'Henry Bauchau</subfield>
          </datafield>
          <datafield tag="210" ind1=" " ind2=" ">
            <subfield code="a">[Arles]</subfield>
            <subfield code="c">Actes sud</subfield>
            <subfield code="d">2003</subfield>
            <subfield code="e">Saint-Etienne</subfield>
            <subfield code="g">Dumas-Titoulet</subfield>
          </datafield>
          <datafield tag="215" ind1=" " ind2=" ">
            <subfield code="a">58 p.</subfield>
            <subfield code="c">couv. ill.</subfield>
            <subfield code="d">21 cm</subfield>
          </datafield>
          <datafield tag="700" ind1=" " ind2="1">
            <subfield code="3">026709457</subfield>
            <subfield code="a">Bauchau</subfield>
            <subfield code="b">Henry</subfield>
            <subfield code="f">1913-....</subfield>
            <subfield code="4">070</subfield>
          </datafield>
          <datafield tag="801" ind1=" " ind2="3">
            <subfield code="a">FR</subfield>
            <subfield code="b">Abes</subfield>
            <subfield code="c">20041008</subfield>
            <subfield code="g">AFNOR</subfield>
          </datafield>
          <datafield tag="915" ind1=" " ind2=" ">
            <subfield code="5">591832101:213418363</subfield>
            <subfield code="b">1632660390</subfield>
          </datafield>
          <datafield tag="930" ind1=" " ind2=" ">
            <subfield code="5">591832101:213418363</subfield>
            <subfield code="b">591832101</subfield>
            <subfield code="a">842.9 BAU o</subfield>
            <subfield code="j">u</subfield>
          </datafield>
          <datafield tag="915" ind1=" " ind2=" ">
            <subfield code="5">692662101:263388433</subfield>
            <subfield code="b">20171695</subfield>
          </datafield>
          <datafield tag="917" ind1=" " ind2=" ">
            <subfield code="5">692662101:263388433</subfield>
            <subfield code="a">aaaa</subfield>
          </datafield>
          <datafield tag="930" ind1=" " ind2=" ">
            <subfield code="5">692662101:263388433</subfield>
            <subfield code="b">692662101</subfield>
            <subfield code="a">840 BAUCHAU</subfield>
            <subfield code="j">s</subfield>
          </datafield>
          <datafield tag="930" ind1=" " ind2=" ">
            <subfield code="5">751052219:200063537</subfield>
            <subfield code="b">751052219</subfield>
            <subfield code="a">Ti 2810</subfield>
            <subfield code="j">u</subfield>
          </datafield>
          <datafield tag="915" ind1=" " ind2=" ">
            <subfield code="5">930662101:214855821</subfield>
            <subfield code="b">025403505</subfield>
          </datafield>
          <datafield tag="930" ind1=" " ind2=" ">
            <subfield code="5">930662101:214855821</subfield>
            <subfield code="b">930662101</subfield>
            <subfield code="a">840(493)"19" BAU 7</subfield>
            <subfield code="j">g</subfield>
          </datafield>
          <datafield tag="915" ind1=" " ind2=" ">
            <subfield code="5">751052116:201256762</subfield>
            <subfield code="a">B10774499</subfield>
            <subfield code="b">9107684296</subfield>
          </datafield>
          <datafield tag="917" ind1=" " ind2=" ">
            <subfield code="5">751052116:201256762</subfield>
            <subfield code="a">aaba</subfield>
          </datafield>
          <datafield tag="930" ind1=" " ind2=" ">
            <subfield code="5">751052116:201256762</subfield>
            <subfield code="b">751052116</subfield>
            <subfield code="a">8 Y SUP 86824</subfield>
            <subfield code="j">s</subfield>
          </datafield>
        </record>
      </recordData>
      <recordPosition>26</recordPosition>
    </record>