
    <record>
      <recordSchema>dc</recordSchema>
      <recordPacking>xml</recordPacking>
      <recordData>
        <record xsi:schemaLocation="http://www.loc.gov/MARC21/slim http://www.loc.gov/standards/marcxml/schema/MARC21slim.xsd" xmlns="http://www.loc.gov/MARC21/slim" xmlns:xsi="http://www.w3.org/2001/XMLSchema-instance">
          <leader>01989cam0 2200505   4500</leader>
          <controlfield tag="001">076433781</controlfield>
          <controlfield tag="005">20040929144118.000</controlfield>
          <datafield tag="010" ind1=" " ind2=" ">
            <subfield code="a">2-213-61689-2</subfield>
            <subfield code="b">br.</subfield>
            <subfield code="d">20 EUR</subfield>
          </datafield>
          <datafield tag="020" ind1=" " ind2=" ">
            <subfield code="a">US</subfield>
            <subfield code="b">  2004355303</subfield>
          </datafield>
          <datafield tag="035" ind1=" " ind2=" ">
            <subfield code="5">490072106</subfield>
            <subfield code="a">ALP353345</subfield>
          </datafield>
          <datafield tag="100" ind1=" " ind2=" ">
            <subfield code="a">20040213d2003    m  y0frey0103    ba</subfield>
          </datafield>
          <datafield tag="101" ind1="0" ind2=" ">
            <subfield code="a">fre</subfield>
          </datafield>
          <datafield tag="102" ind1=" " ind2=" ">
            <subfield code="a">FR</subfield>
          </datafield>
          <datafield tag="105" ind1=" " ind2=" ">
            <subfield code="a">y   a   000yy</subfield>
          </datafield>
          <datafield tag="106" ind1=" " ind2=" ">
            <subfield code="a">r</subfield>
          </datafield>
          <datafield tag="200" ind1="1" ind2=" ">
            <subfield code="a">Moïse, Œdipe, Superman... De l'abandon à l'adoption</subfield>
            <subfield code="b">Texte imprimé</subfield>
            <subfield code="f">Sophie Marinopoulos, Catherine Sellet, Françoise Vallée</subfield>
          </datafield>
          <datafield tag="210" ind1=" " ind2=" ">
            <subfield code="a">[Paris]</subfield>
            <subfield code="c">Fayard</subfield>
            <subfield code="d">2003</subfield>
          </datafield>
          <datafield tag="215" ind1=" " ind2=" ">
            <subfield code="a">351 p.</subfield>
            <subfield code="d">22 cm</subfield>
          </datafield>
          <datafield tag="320" ind1=" " ind2=" ">
            <subfield code="a">Bibliogr. p. 339-[343]. Notes bibliogr.</subfield>
          </datafield>
          <datafield tag="606" ind1="1" ind2=" ">
            <subfield code="3">02766032X</subfield>
            <subfield code="a">Adoption</subfield>
            <subfield code="2">rameau</subfield>
          </datafield>
          <datafield tag="606" ind1="1" ind2=" ">
            <subfield code="3">027661857</subfield>
            <subfield code="a">Famille</subfield>
            <subfield code="x">Sociologie</subfield>
            <subfield code="2">rameau</subfield>
          </datafield>
          <datafield tag="700" ind1=" " ind2="1">
            <subfield code="3">035289163</subfield>
            <subfield code="a">Marinopoulos</subfield>
            <subfield code="b">Sophie</subfield>
            <subfield code="4">070</subfield>
          </datafield>
          <datafield tag="701" ind1=" " ind2="1">
            <subfield code="3">035010347</subfield>
            <subfield code="a">Sellenet</subfield>
            <subfield code="b">Catherine</subfield>
            <subfield code="4">070</subfield>
          </datafield>
          <datafield tag="701" ind1=" " ind2="1">
            <subfield code="3">076433757</subfield>
            <subfield code="a">Vallée</subfield>
            <subfield code="b">Françoise</subfield>
            <subfield code="4">070</subfield>
          </datafield>
          <datafield tag="801" ind1=" " ind2="3">
            <subfield code="a">FR</subfield>
            <subfield code="b">Abes</subfield>
            <subfield code="c">20040929</subfield>
            <subfield code="g">AFNOR</subfield>
          </datafield>
          <datafield tag="801" ind1=" " ind2="0">
            <subfield code="b">DLC</subfield>
            <subfield code="g">AACR2</subfield>
          </datafield>
          <datafield tag="915" ind1=" " ind2=" ">
            <subfield code="5">490072106:201756544</subfield>
            <subfield code="b">32223005130026</subfield>
          </datafield>
          <datafield tag="930" ind1=" " ind2=" ">
            <subfield code="5">490072106:201756544</subfield>
            <subfield code="b">490072106</subfield>
            <subfield code="j">u</subfield>
          </datafield>
          <datafield tag="930" ind1=" " ind2=" ">
            <subfield code="5">290192101:209948698</subfield>
            <subfield code="b">290192101</subfield>
            <subfield code="l">414696</subfield>
            <subfield code="e">BRUL</subfield>
            <subfield code="a">306.85 MAR</subfield>
            <subfield code="j">u</subfield>
          </datafield>
          <datafield tag="915" ind1=" " ind2=" ">
            <subfield code="5">912282101:199505446</subfield>
            <subfield code="b">1271095661</subfield>
          </datafield>
          <datafield tag="930" ind1=" " ind2=" ">
            <subfield code="5">912282101:199505446</subfield>
            <subfield code="b">912282101</subfield>
            <subfield code="a">306.8 MAR moi</subfield>
            <subfield code="j">u</subfield>
          </datafield>
          <datafield tag="930" ind1=" " ind2=" ">
            <subfield code="5">690292101:20226436X</subfield>
            <subfield code="b">690292101</subfield>
            <subfield code="j">u</subfield>
          </datafield>
          <datafield tag="930" ind1=" " ind2=" ">
            <subfield code="5">441092102:214103412</subfield>
            <subfield code="b">441092102</subfield>
            <subfield code="a">155.446 MAR</subfield>
            <subfield code="j">u</subfield>
          </datafield>
          <datafield tag="930" ind1=" " ind2=" ">
            <subfield code="5">851912101:228970407</subfield>
            <subfield code="b">851912101</subfield>
            <subfield code="a">362.734 MAR</subfield>
            <subfield code="j">u</subfield>
          </datafield>
          <datafield tag="915" ind1=" " ind2=" ">
            <subfield code="5">514542101:21331326X</subfield>
            <subfield code="a">ST041395</subfield>
          </datafield>
          <datafield tag="917" ind1=" " ind2=" ">
            <subfield code="5">514542101:21331326X</subfield>
            <subfield code="a">aaax</subfield>
          </datafield>
          <datafield tag="930" ind1=" " ind2=" ">
            <subfield code="5">514542101:21331326X</subfield>
            <subfield code="b">514542101</subfield>
            <subfield code="a">301 MAR </subfield>
            <subfield code="j">u</subfield>
          </datafield>
          <datafield tag="999" ind1=" " ind2=" ">
            <subfield code="5">514542101:21331326X</subfield>
            <subfield code="a">STOUV</subfield>
            <subfield code="b">STEO</subfield>
          </datafield>
          <datafield tag="930" ind1=" " ind2=" ">
            <subfield code="5">920502102:199488487</subfield>
            <subfield code="b">920502102</subfield>
            <subfield code="a">301.151-053.2 MAR</subfield>
            <subfield code="j">u</subfield>
          </datafield>
          <datafield tag="915" ind1=" " ind2=" ">
            <subfield code="5">930082201:211287059</subfield>
            <subfield code="b">2260043014</subfield>
          </datafield>
          <datafield tag="930" ind1=" " ind2=" ">
            <subfield code="5">930082201:211287059</subfield>
            <subfield code="b">930082201</subfield>
            <subfield code="a">362.73 MOI</subfield>
            <subfield code="j">u</subfield>
          </datafield>
          <datafield tag="915" ind1=" " ind2=" ">
            <subfield code="5">751052116:197861733</subfield>
            <subfield code="a">B10771273</subfield>
            <subfield code="b">9107047251</subfield>
          </datafield>
          <datafield tag="917" ind1=" " ind2=" ">
            <subfield code="5">751052116:197861733</subfield>
            <subfield code="a">aaba</subfield>
          </datafield>
          <datafield tag="930" ind1=" " ind2=" ">
            <subfield code="5">751052116:197861733</subfield>
            <subfield code="b">751052116</subfield>
            <subfield code="a">8 R SUP 51493</subfield>
            <subfield code="j">s</subfield>
          </datafield>
          <datafield tag="930" ind1=" " ind2=" ">
            <subfield code="5">692662301:202079996</subfield>
            <subfield code="b">692662301</subfield>
            <subfield code="a">HU</subfield>
            <subfield code="j">g</subfield>
          </datafield>
        </record>
      </recordData>
      <recordPosition>27</recordPosition>
    </record>