
    <record>
      <recordSchema>dc</recordSchema>
      <recordPacking>xml</recordPacking>
      <recordData>
        <record xsi:schemaLocation="http://www.loc.gov/MARC21/slim http://www.loc.gov/standards/marcxml/schema/MARC21slim.xsd" xmlns="http://www.loc.gov/MARC21/slim" xmlns:xsi="http://www.w3.org/2001/XMLSchema-instance">
          <leader>00816cam0 2200229   4500</leader>
          <controlfield tag="001">076120309</controlfield>
          <controlfield tag="005">20050407163301.000</controlfield>
          <datafield tag="100" ind1=" " ind2=" ">
            <subfield code="a">20040130f2003    k  y0frey0103    ba</subfield>
          </datafield>
          <datafield tag="101" ind1="1" ind2=" ">
            <subfield code="a">fre</subfield>
            <subfield code="c">rum</subfield>
          </datafield>
          <datafield tag="102" ind1=" " ind2=" ">
            <subfield code="a">FR</subfield>
          </datafield>
          <datafield tag="105" ind1=" " ind2=" ">
            <subfield code="a">y   z   000by</subfield>
          </datafield>
          <datafield tag="106" ind1=" " ind2=" ">
            <subfield code="a">r</subfield>
          </datafield>
          <datafield tag="200" ind1="1" ind2=" ">
            <subfield code="a">Oedipe à Delphes</subfield>
            <subfield code="b">Texte imprimé</subfield>
            <subfield code="e">pièce en trois actes</subfield>
            <subfield code="f">Vlad Zografi</subfield>
            <subfield code="g">Trad. u roumain par Paola Bentz-Fauci</subfield>
          </datafield>
          <datafield tag="210" ind1=" " ind2=" ">
            <subfield code="a">[Montpellier]</subfield>
            <subfield code="c">Maison Antoine Vitez</subfield>
            <subfield code="c">Centre international de la traduction théâtrale</subfield>
            <subfield code="d">s.d. [2003 ?]</subfield>
          </datafield>
          <datafield tag="215" ind1=" " ind2=" ">
            <subfield code="a">124 ff.</subfield>
            <subfield code="d">30 cm</subfield>
          </datafield>
          <datafield tag="225" ind1="1" ind2=" ">
            <subfield code="a">Manuscrit</subfield>
          </datafield>
          <datafield tag="300" ind1=" " ind2=" ">
            <subfield code="a">manuscrit inédit non publié</subfield>
          </datafield>
          <datafield tag="410" ind1=" " ind2=" ">
            <subfield code="0">040172147</subfield>
            <subfield code="t">Manuscrit (Paris)</subfield>
            <subfield code="x">1248-7015</subfield>
          </datafield>
          <datafield tag="700" ind1=" " ind2="1">
            <subfield code="a">Zografi</subfield>
            <subfield code="b">Vlad</subfield>
            <subfield code="4">070</subfield>
          </datafield>
          <datafield tag="702" ind1=" " ind2="1">
            <subfield code="3">034482350</subfield>
            <subfield code="a">Bentz-Fauci</subfield>
            <subfield code="b">Paola</subfield>
            <subfield code="4">730</subfield>
          </datafield>
          <datafield tag="801" ind1=" " ind2="3">
            <subfield code="a">FR</subfield>
            <subfield code="b">Abes</subfield>
            <subfield code="c">20050407</subfield>
            <subfield code="g">AFNOR</subfield>
          </datafield>
          <datafield tag="930" ind1=" " ind2=" ">
            <subfield code="5">751052219:197160735</subfield>
            <subfield code="b">751052219</subfield>
            <subfield code="a">Tbro 1029</subfield>
            <subfield code="j">u</subfield>
          </datafield>
        </record>
      </recordData>
      <recordPosition>28</recordPosition>
    </record>