
    <record>
      <recordSchema>dc</recordSchema>
      <recordPacking>xml</recordPacking>
      <recordData>
        <record xsi:schemaLocation="http://www.loc.gov/MARC21/slim http://www.loc.gov/standards/marcxml/schema/MARC21slim.xsd" xmlns="http://www.loc.gov/MARC21/slim" xmlns:xsi="http://www.w3.org/2001/XMLSchema-instance">
          <leader>01713cam0 2200409   4500</leader>
          <controlfield tag="001">075814374</controlfield>
          <controlfield tag="005">20050414123700.000</controlfield>
          <datafield tag="010" ind1=" " ind2=" ">
            <subfield code="a">2-7475-4921-6</subfield>
            <subfield code="b">br</subfield>
            <subfield code="d">13,75 EUR</subfield>
          </datafield>
          <datafield tag="021" ind1=" " ind2=" ">
            <subfield code="a">FR</subfield>
            <subfield code="b">DLE-20031105-45956</subfield>
          </datafield>
          <datafield tag="035" ind1=" " ind2=" ">
            <subfield code="a">FRBNF390865110000007</subfield>
          </datafield>
          <datafield tag="035" ind1=" " ind2=" ">
            <subfield code="5">330632102</subfield>
            <subfield code="a">alp423481</subfield>
          </datafield>
          <datafield tag="100" ind1=" " ind2=" ">
            <subfield code="a">20031105d2003    k  y0frey0103    ba</subfield>
          </datafield>
          <datafield tag="101" ind1="0" ind2=" ">
            <subfield code="a">fre</subfield>
          </datafield>
          <datafield tag="102" ind1=" " ind2=" ">
            <subfield code="a">FR</subfield>
          </datafield>
          <datafield tag="105" ind1=" " ind2=" ">
            <subfield code="a">y   z   000yy</subfield>
          </datafield>
          <datafield tag="106" ind1=" " ind2=" ">
            <subfield code="a">r</subfield>
          </datafield>
          <datafield tag="200" ind1="1" ind2=" ">
            <subfield code="a">Oedipe et Laïos</subfield>
            <subfield code="b">Texte imprimé</subfield>
            <subfield code="e">dialogue sur l'origine de la violence</subfield>
            <subfield code="f">Olivier Maurel, Michel Pouquet</subfield>
          </datafield>
          <datafield tag="210" ind1=" " ind2=" ">
            <subfield code="a">Paris</subfield>
            <subfield code="a">Budapest</subfield>
            <subfield code="a">Torino</subfield>
            <subfield code="c">l'Harmattan</subfield>
            <subfield code="d">2003</subfield>
            <subfield code="e">14-Condé-sur-Noireau</subfield>
            <subfield code="g">Impr. Corlet</subfield>
          </datafield>
          <datafield tag="215" ind1=" " ind2=" ">
            <subfield code="a">162 p.</subfield>
            <subfield code="c">couv. ill.</subfield>
            <subfield code="d">22 cm</subfield>
          </datafield>
          <datafield tag="225" ind1="2" ind2=" ">
            <subfield code="a">Crise et anthropologie de la relation</subfield>
          </datafield>
          <datafield tag="345" ind1=" " ind2=" ">
            <subfield code="b">9782747549219</subfield>
          </datafield>
          <datafield tag="410" ind1=" " ind2=" ">
            <subfield code="0">045096651</subfield>
            <subfield code="t">Collection Crise et anthropologie de la relation</subfield>
            <subfield code="x">1295-1919</subfield>
          </datafield>
          <datafield tag="606" ind1="1" ind2=" ">
            <subfield code="3">027625516</subfield>
            <subfield code="a">Violence exercée sur les enfants</subfield>
            <subfield code="3">02779007X</subfield>
            <subfield code="x">Aspect psychologique</subfield>
            <subfield code="2">rameau</subfield>
          </datafield>
          <datafield tag="606" ind1="1" ind2=" ">
            <subfield code="3">027431649</subfield>
            <subfield code="a">Punitions corporelles</subfield>
            <subfield code="3">02779007X</subfield>
            <subfield code="x">Aspect psychologique</subfield>
            <subfield code="2">rameau</subfield>
          </datafield>
          <datafield tag="676" ind1=" " ind2=" ">
            <subfield code="a">362.760 19</subfield>
            <subfield code="v">21</subfield>
          </datafield>
          <datafield tag="686" ind1=" " ind2=" ">
            <subfield code="a">150</subfield>
            <subfield code="2">Cadre de classement de la Bibliographie nationale française</subfield>
          </datafield>
          <datafield tag="700" ind1=" " ind2="1">
            <subfield code="3">056587910</subfield>
            <subfield code="a">Maurel</subfield>
            <subfield code="b">Olivier</subfield>
            <subfield code="4">070</subfield>
          </datafield>
          <datafield tag="701" ind1=" " ind2="1">
            <subfield code="3">034516395</subfield>
            <subfield code="a">Pouquet</subfield>
            <subfield code="b">Michel</subfield>
            <subfield code="4">070</subfield>
          </datafield>
          <datafield tag="801" ind1=" " ind2="3">
            <subfield code="a">FR</subfield>
            <subfield code="b">Abes</subfield>
            <subfield code="c">20050414</subfield>
            <subfield code="g">AFNOR</subfield>
          </datafield>
          <datafield tag="801" ind1=" " ind2="0">
            <subfield code="a">FR</subfield>
            <subfield code="b">BNF</subfield>
            <subfield code="c">20031105</subfield>
            <subfield code="g">AFNOR</subfield>
            <subfield code="2">intermrc</subfield>
          </datafield>
          <datafield tag="930" ind1=" " ind2=" ">
            <subfield code="5">330632102:199609152</subfield>
            <subfield code="b">330632102</subfield>
            <subfield code="a">152.47 MAU</subfield>
            <subfield code="j">g</subfield>
          </datafield>
          <datafield tag="930" ind1=" " ind2=" ">
            <subfield code="5">341722103:197964478</subfield>
            <subfield code="b">341722103</subfield>
            <subfield code="a">155 MAU</subfield>
            <subfield code="j">u</subfield>
          </datafield>
          <datafield tag="930" ind1=" " ind2=" ">
            <subfield code="5">441092102:241907667</subfield>
            <subfield code="b">441092102</subfield>
            <subfield code="a">616.858 MAU</subfield>
            <subfield code="j">u</subfield>
          </datafield>
          <datafield tag="930" ind1=" " ind2=" ">
            <subfield code="5">920502102:215121732</subfield>
            <subfield code="b">920502102</subfield>
            <subfield code="a">159.964 MAU</subfield>
            <subfield code="j">u</subfield>
          </datafield>
          <datafield tag="915" ind1=" " ind2=" ">
            <subfield code="5">751052116:228249724</subfield>
            <subfield code="a">B10797025</subfield>
            <subfield code="b">9108192394</subfield>
          </datafield>
          <datafield tag="917" ind1=" " ind2=" ">
            <subfield code="5">751052116:228249724</subfield>
            <subfield code="a">aaba</subfield>
          </datafield>
          <datafield tag="930" ind1=" " ind2=" ">
            <subfield code="5">751052116:228249724</subfield>
            <subfield code="b">751052116</subfield>
            <subfield code="a">8 R SUP 54906</subfield>
            <subfield code="j">s</subfield>
          </datafield>
        </record>
      </recordData>
      <recordPosition>29</recordPosition>
    </record>