
    <record>
      <recordSchema>dc</recordSchema>
      <recordPacking>xml</recordPacking>
      <recordData>
        <record xsi:schemaLocation="http://www.loc.gov/MARC21/slim http://www.loc.gov/standards/marcxml/schema/MARC21slim.xsd" xmlns="http://www.loc.gov/MARC21/slim" xmlns:xsi="http://www.w3.org/2001/XMLSchema-instance">
          <leader>04036cam0 2200949   4500</leader>
          <controlfield tag="001">075516640</controlfield>
          <controlfield tag="005">20051018162529.000</controlfield>
          <datafield tag="010" ind1=" " ind2=" ">
            <subfield code="a">2-85181-533-4</subfield>
            <subfield code="b">br.</subfield>
            <subfield code="d">23 EUR</subfield>
          </datafield>
          <datafield tag="035" ind1=" " ind2=" ">
            <subfield code="5">490072106</subfield>
            <subfield code="a">DYNIX-BUANG-384269</subfield>
          </datafield>
          <datafield tag="100" ind1=" " ind2=" ">
            <subfield code="a">20031205d2003    k  y0frey0103    ba</subfield>
          </datafield>
          <datafield tag="101" ind1="1" ind2=" ">
            <subfield code="a">fre</subfield>
            <subfield code="c">eng</subfield>
          </datafield>
          <datafield tag="102" ind1=" " ind2=" ">
            <subfield code="a">FR</subfield>
          </datafield>
          <datafield tag="105" ind1=" " ind2=" ">
            <subfield code="a">y   ||||000bd</subfield>
          </datafield>
          <datafield tag="106" ind1=" " ind2=" ">
            <subfield code="a">r</subfield>
          </datafield>
          <datafield tag="200" ind1="1" ind2=" ">
            <subfield code="a">Oedipe roi, d'après Sophocle</subfield>
            <subfield code="a">Oedipe à Colone, d'après Sophocle</subfield>
            <subfield code="a">La Résurrection</subfield>
            <subfield code="a">les mots sur la vitre</subfield>
            <subfield code="a">pleine lune en mars</subfield>
            <subfield code="a">le roi de la Tour du Gros-Horloge</subfield>
            <subfield code="a">l' oeuf du héron</subfield>
            <subfield code="a">purgatoire</subfield>
            <subfield code="a">la mort du Cuchulain</subfield>
            <subfield code="b">Texte imprimé</subfield>
            <subfield code="f">William Butler Yeats</subfield>
            <subfield code="g">traduction de Jacqueline Genet</subfield>
          </datafield>
          <datafield tag="210" ind1=" " ind2=" ">
            <subfield code="a">Paris</subfield>
            <subfield code="c">l'Arche</subfield>
            <subfield code="d">impr. 2003</subfield>
          </datafield>
          <datafield tag="215" ind1=" " ind2=" ">
            <subfield code="a">1 vol. (215 p.)</subfield>
            <subfield code="d">21 cm</subfield>
          </datafield>
          <datafield tag="312" ind1=" " ind2=" ">
            <subfield code="a">La couv. porte en plus : "Dernières pièces"</subfield>
          </datafield>
          <datafield tag="327" ind1="0" ind2=" ">
            <subfield code="a">Les mots sur la vitre</subfield>
            <subfield code="a">Pleine lune en mars</subfield>
            <subfield code="a">Le roi de la tour du Gros-Horloge</subfield>
            <subfield code="a">L'oeuf du héron</subfield>
            <subfield code="a">Purgatoire</subfield>
            <subfield code="a">La mort de Cuchulain</subfield>
          </datafield>
          <datafield tag="423" ind1=" " ind2=" ">
            <subfield code="t">Oedipe à Colone, d'après Sophocle</subfield>
          </datafield>
          <datafield tag="423" ind1=" " ind2=" ">
            <subfield code="t">&lt;?char 136 ?&gt;La &lt;?char 137 ?&gt;Résurrection</subfield>
          </datafield>
          <datafield tag="423" ind1=" " ind2=" ">
            <subfield code="t">&lt;?char 136 ?&gt;Les &lt;?char 137 ?&gt;Mots sur la vitre</subfield>
          </datafield>
          <datafield tag="423" ind1=" " ind2=" ">
            <subfield code="t">Pleine lune en mars</subfield>
          </datafield>
          <datafield tag="423" ind1=" " ind2=" ">
            <subfield code="t">&lt;?char 136 ?&gt;Le &lt;?char 137 ?&gt;Roi de la tour du Gros-Horloge</subfield>
          </datafield>
          <datafield tag="423" ind1=" " ind2=" ">
            <subfield code="t">&lt;?char 136 ?&gt;L'&lt;?char 137 ?&gt;Oeuf du héron</subfield>
          </datafield>
          <datafield tag="423" ind1=" " ind2=" ">
            <subfield code="t">Purgatoire</subfield>
          </datafield>
          <datafield tag="423" ind1=" " ind2=" ">
            <subfield code="t">&lt;?char 136 ?&gt;La &lt;?char 137 ?&gt;mort de Cuchulain</subfield>
          </datafield>
          <datafield tag="454" ind1=" " ind2=" ">
            <subfield code="t">Sophocles' King Oedipus</subfield>
          </datafield>
          <datafield tag="454" ind1=" " ind2=" ">
            <subfield code="t">Sophocles' Oedipus at Colonus</subfield>
          </datafield>
          <datafield tag="454" ind1=" " ind2=" ">
            <subfield code="t">&lt;?char 136 ?&gt;The &lt;?char 137 ?&gt;resurrection</subfield>
          </datafield>
          <datafield tag="454" ind1=" " ind2=" ">
            <subfield code="t">&lt;?char 136 ?&gt;The &lt;?char 137 ?&gt;Words upon the Window-Pane</subfield>
          </datafield>
          <datafield tag="454" ind1=" " ind2=" ">
            <subfield code="t">&lt;?char 136 ?&gt;A &lt;?char 137 ?&gt;Full moon in March</subfield>
          </datafield>
          <datafield tag="454" ind1=" " ind2=" ">
            <subfield code="t">&lt;?char 136 ?&gt;The &lt;?char 137 ?&gt;King of the great Clock-Tower</subfield>
          </datafield>
          <datafield tag="454" ind1=" " ind2=" ">
            <subfield code="t">&lt;?char 136 ?&gt;The &lt;?char 137 ?&gt;Herne's Egg</subfield>
          </datafield>
          <datafield tag="454" ind1=" " ind2=" ">
            <subfield code="t">Purgatory</subfield>
          </datafield>
          <datafield tag="454" ind1=" " ind2=" ">
            <subfield code="t">&lt;?char 136 ?&gt;The &lt;?char 137 ?&gt;Death of Cuchulain</subfield>
          </datafield>
          <datafield tag="517" ind1=" " ind2=" ">
            <subfield code="a">Oedipe roi</subfield>
            <subfield code="e">d'après Sophocle</subfield>
          </datafield>
          <datafield tag="517" ind1=" " ind2=" ">
            <subfield code="a">Oedipe à Colone</subfield>
            <subfield code="e">d'après Sophocle</subfield>
          </datafield>
          <datafield tag="517" ind1=" " ind2=" ">
            <subfield code="a">&lt;?char 136 ?&gt;La &lt;?char 137 ?&gt;résurrection</subfield>
          </datafield>
          <datafield tag="517" ind1=" " ind2=" ">
            <subfield code="a">&lt;?char 136 ?&gt;Les &lt;?char 137 ?&gt;mots sur la vitre</subfield>
          </datafield>
          <datafield tag="517" ind1=" " ind2=" ">
            <subfield code="a">Pleine lune en Mars</subfield>
          </datafield>
          <datafield tag="517" ind1=" " ind2=" ">
            <subfield code="a">&lt;?char 136 ?&gt;Le &lt;?char 137 ?&gt;roi de la tour du Gros-Horloge</subfield>
          </datafield>
          <datafield tag="517" ind1=" " ind2=" ">
            <subfield code="a">&lt;?char 136 ?&gt;L'&lt;?char 137 ?&gt;oeuf du héron</subfield>
          </datafield>
          <datafield tag="517" ind1=" " ind2=" ">
            <subfield code="a">Purgatoire</subfield>
          </datafield>
          <datafield tag="517" ind1=" " ind2=" ">
            <subfield code="a">&lt;?char 136 ?&gt;La &lt;?char 137 ?&gt;mort de Cuchulain</subfield>
          </datafield>
          <datafield tag="676" ind1=" " ind2=" ">
            <subfield code="a">822.1</subfield>
            <subfield code="v">99</subfield>
          </datafield>
          <datafield tag="676" ind1=" " ind2=" ">
            <subfield code="a">842</subfield>
            <subfield code="v">99a</subfield>
          </datafield>
          <datafield tag="700" ind1=" " ind2="1">
            <subfield code="3">027201082</subfield>
            <subfield code="a">Yeats</subfield>
            <subfield code="b">William Butler</subfield>
            <subfield code="f">1865-1939</subfield>
            <subfield code="4">070</subfield>
          </datafield>
          <datafield tag="702" ind1=" " ind2="1">
            <subfield code="3">02688710X</subfield>
            <subfield code="a">Genet</subfield>
            <subfield code="b">Jacqueline</subfield>
            <subfield code="f">1932-....</subfield>
            <subfield code="4">730</subfield>
          </datafield>
          <datafield tag="801" ind1=" " ind2="3">
            <subfield code="a">FR</subfield>
            <subfield code="b">Abes</subfield>
            <subfield code="c">20051018</subfield>
            <subfield code="g">AFNOR</subfield>
          </datafield>
          <datafield tag="930" ind1=" " ind2=" ">
            <subfield code="5">490072106:205658628</subfield>
            <subfield code="b">490072106</subfield>
            <subfield code="a">82 750 YEA 130761</subfield>
            <subfield code="j">s</subfield>
          </datafield>
          <datafield tag="915" ind1=" " ind2=" ">
            <subfield code="5">250562101:200009796</subfield>
            <subfield code="b">1144847854</subfield>
          </datafield>
          <datafield tag="930" ind1=" " ind2=" ">
            <subfield code="5">250562101:200009796</subfield>
            <subfield code="b">250562101</subfield>
            <subfield code="a">680048</subfield>
            <subfield code="j">u</subfield>
          </datafield>
          <datafield tag="915" ind1=" " ind2=" ">
            <subfield code="5">141182101:230502598</subfield>
            <subfield code="a">560875</subfield>
            <subfield code="b">0063436806</subfield>
          </datafield>
          <datafield tag="917" ind1=" " ind2=" ">
            <subfield code="5">141182101:230502598</subfield>
            <subfield code="a">aaau</subfield>
          </datafield>
          <datafield tag="930" ind1=" " ind2=" ">
            <subfield code="5">141182101:230502598</subfield>
            <subfield code="b">141182101</subfield>
            <subfield code="c">BUDL</subfield>
            <subfield code="d">BUDL</subfield>
            <subfield code="l">MAG</subfield>
            <subfield code="a">560875</subfield>
            <subfield code="j">u</subfield>
          </datafield>
          <datafield tag="930" ind1=" " ind2=" ">
            <subfield code="5">212312101:196476232</subfield>
            <subfield code="b">212312101</subfield>
            <subfield code="a">822.9 YEA W</subfield>
            <subfield code="j">u</subfield>
          </datafield>
          <datafield tag="915" ind1=" " ind2=" ">
            <subfield code="5">693872305:245038256</subfield>
            <subfield code="b">135630</subfield>
          </datafield>
          <datafield tag="930" ind1=" " ind2=" ">
            <subfield code="5">693872305:245038256</subfield>
            <subfield code="b">693872305</subfield>
            <subfield code="a">82/4 YEA 2 oed</subfield>
            <subfield code="j">s</subfield>
          </datafield>
          <datafield tag="930" ind1=" " ind2=" ">
            <subfield code="5">341722103:196035902</subfield>
            <subfield code="b">341722103</subfield>
            <subfield code="a">829 YEA.W 2</subfield>
            <subfield code="j">u</subfield>
          </datafield>
          <datafield tag="930" ind1=" " ind2=" ">
            <subfield code="5">441092102:196951771</subfield>
            <subfield code="b">441092102</subfield>
            <subfield code="a">822 YEA</subfield>
            <subfield code="j">u</subfield>
          </datafield>
          <datafield tag="930" ind1=" " ind2=" ">
            <subfield code="5">452342103:194996506</subfield>
            <subfield code="b">452342103</subfield>
            <subfield code="a">L 03-2912</subfield>
            <subfield code="j">u</subfield>
          </datafield>
          <datafield tag="915" ind1=" " ind2=" ">
            <subfield code="5">764512101:19540534X</subfield>
            <subfield code="b">2000064589</subfield>
          </datafield>
          <datafield tag="930" ind1=" " ind2=" ">
            <subfield code="5">764512101:19540534X</subfield>
            <subfield code="b">764512101</subfield>
            <subfield code="a">XB11225</subfield>
            <subfield code="j">u</subfield>
          </datafield>
          <datafield tag="915" ind1=" " ind2=" ">
            <subfield code="5">674822114:194979911</subfield>
            <subfield code="b">1250428187</subfield>
          </datafield>
          <datafield tag="930" ind1=" " ind2=" ">
            <subfield code="5">674822114:194979911</subfield>
            <subfield code="b">674822114</subfield>
            <subfield code="a">N/12298</subfield>
            <subfield code="j">g</subfield>
          </datafield>
          <datafield tag="930" ind1=" " ind2=" ">
            <subfield code="5">315552102:203339738</subfield>
            <subfield code="b">315552102</subfield>
            <subfield code="a">821.9 YEA</subfield>
            <subfield code="j">u</subfield>
          </datafield>
          <datafield tag="915" ind1=" " ind2=" ">
            <subfield code="5">372612102:208137912</subfield>
            <subfield code="a">XB 10324</subfield>
            <subfield code="b">0912231174</subfield>
          </datafield>
          <datafield tag="930" ind1=" " ind2=" ">
            <subfield code="5">372612102:208137912</subfield>
            <subfield code="b">372612102</subfield>
            <subfield code="c">BU-LET</subfield>
            <subfield code="d">MAG-L</subfield>
            <subfield code="a">XB 10324</subfield>
            <subfield code="j">u</subfield>
          </datafield>
          <datafield tag="999" ind1=" " ind2=" ">
            <subfield code="5">372612102:208137912</subfield>
            <subfield code="x">828.91 YEA</subfield>
          </datafield>
          <datafield tag="930" ind1=" " ind2=" ">
            <subfield code="5">751052102:195443756</subfield>
            <subfield code="b">751052102</subfield>
            <subfield code="a">820"19" YEA</subfield>
            <subfield code="j">u</subfield>
          </datafield>
          <datafield tag="915" ind1=" " ind2=" ">
            <subfield code="5">751132105:198697880</subfield>
            <subfield code="a">A/</subfield>
          </datafield>
          <datafield tag="930" ind1=" " ind2=" ">
            <subfield code="5">751132105:198697880</subfield>
            <subfield code="b">751132105</subfield>
            <subfield code="a">820(417) "18" YEA W 2</subfield>
            <subfield code="j">u</subfield>
          </datafield>
          <datafield tag="915" ind1=" " ind2=" ">
            <subfield code="5">930662101:19611831X</subfield>
            <subfield code="b">025377789</subfield>
          </datafield>
          <datafield tag="930" ind1=" " ind2=" ">
            <subfield code="5">930662101:19611831X</subfield>
            <subfield code="b">930662101</subfield>
            <subfield code="a">820(417)"19" YEA 7</subfield>
            <subfield code="j">u</subfield>
          </datafield>
          <datafield tag="915" ind1=" " ind2=" ">
            <subfield code="5">751052105:198493924</subfield>
            <subfield code="a">f/154745</subfield>
            <subfield code="b">1154595670</subfield>
          </datafield>
          <datafield tag="917" ind1=" " ind2=" ">
            <subfield code="5">751052105:198493924</subfield>
            <subfield code="a">aaaa</subfield>
          </datafield>
          <datafield tag="930" ind1=" " ind2=" ">
            <subfield code="5">751052105:198493924</subfield>
            <subfield code="b">751052105</subfield>
            <subfield code="c">Salle de lecture</subfield>
            <subfield code="d">Communication indirecte</subfield>
            <subfield code="a">M 8= 40356</subfield>
            <subfield code="j">u</subfield>
          </datafield>
          <datafield tag="999" ind1=" " ind2=" ">
            <subfield code="5">751052105:198493924</subfield>
            <subfield code="a">ady</subfield>
            <subfield code="b">DSS2</subfield>
          </datafield>
          <datafield tag="915" ind1=" " ind2=" ">
            <subfield code="5">751052116:196995736</subfield>
            <subfield code="a">B10768213</subfield>
            <subfield code="b">9106604868</subfield>
          </datafield>
          <datafield tag="917" ind1=" " ind2=" ">
            <subfield code="5">751052116:196995736</subfield>
            <subfield code="a">aaba</subfield>
          </datafield>
          <datafield tag="930" ind1=" " ind2=" ">
            <subfield code="5">751052116:196995736</subfield>
            <subfield code="b">751052116</subfield>
            <subfield code="a">8 Y SUP 85659</subfield>
            <subfield code="j">s</subfield>
          </datafield>
        </record>
      </recordData>
      <recordPosition>30</recordPosition>
    </record>