
    <record>
      <recordSchema>dc</recordSchema>
      <recordPacking>xml</recordPacking>
      <recordData>
        <record xsi:schemaLocation="http://www.loc.gov/MARC21/slim http://www.loc.gov/standards/marcxml/schema/MARC21slim.xsd" xmlns="http://www.loc.gov/MARC21/slim" xmlns:xsi="http://www.w3.org/2001/XMLSchema-instance">
          <leader>01476cam0 22003251i 4500</leader>
          <controlfield tag="001">074658840</controlfield>
          <controlfield tag="005">20040925195842.000</controlfield>
          <datafield tag="100" ind1=" " ind2=" ">
            <subfield code="a">20031029e20032001|||y0frey0103    ba</subfield>
          </datafield>
          <datafield tag="101" ind1="0" ind2=" ">
            <subfield code="a">fre</subfield>
          </datafield>
          <datafield tag="102" ind1=" " ind2=" ">
            <subfield code="a">FR</subfield>
          </datafield>
          <datafield tag="105" ind1=" " ind2=" ">
            <subfield code="a">y   ||||000yy</subfield>
          </datafield>
          <datafield tag="106" ind1=" " ind2=" ">
            <subfield code="a">g</subfield>
          </datafield>
          <datafield tag="130" ind1=" " ind2=" ">
            <subfield code="a">e|m||||||||</subfield>
          </datafield>
          <datafield tag="200" ind1="1" ind2=" ">
            <subfield code="a">Théâtre et philosophie dans les tragédies de Sénèque (Agamemnon, Œdipe, Les Phéniciennes et Thyeste)</subfield>
            <subfield code="b">Texte imprimé</subfield>
            <subfield code="f">par Carine Alberti</subfield>
          </datafield>
          <datafield tag="210" ind1=" " ind2=" ">
            <subfield code="a">Lille</subfield>
            <subfield code="c">Atelier national de Reproduction des Thèses</subfield>
            <subfield code="d">2003</subfield>
          </datafield>
          <datafield tag="215" ind1=" " ind2=" ">
            <subfield code="a">1 microfiche</subfield>
            <subfield code="d">105 x 148 mm</subfield>
          </datafield>
          <datafield tag="301" ind1=" " ind2=" ">
            <subfield code="a">2001PA040175</subfield>
          </datafield>
          <datafield tag="452" ind1=" " ind2=" ">
            <subfield code="0">06162179X</subfield>
            <subfield code="t">Théâtre et philosophie dans les tragédies de Sénèque</subfield>
            <subfield code="c">[S.l.]</subfield>
            <subfield code="p">1 vol. (375 p.)</subfield>
          </datafield>
          <datafield tag="604" ind1=" " ind2=" ">
            <subfield code="0">02896280X</subfield>
            <subfield code="a">Sénèque (0004 av. J.-C.-0065)</subfield>
            <subfield code="t">Agamemnone</subfield>
            <subfield code="2">rameau</subfield>
          </datafield>
          <datafield tag="604" ind1=" " ind2=" ">
            <subfield code="0">074659103</subfield>
            <subfield code="a">Sénèque (0004 av. J.-C.-0065)</subfield>
            <subfield code="t">Œdipus</subfield>
            <subfield code="2">rameau</subfield>
          </datafield>
          <datafield tag="604" ind1=" " ind2=" ">
            <subfield code="0">029955289</subfield>
            <subfield code="a">Sénèque (0004 av. J.-C.-0065)</subfield>
            <subfield code="t">Phoenissae</subfield>
            <subfield code="2">rameau</subfield>
          </datafield>
          <datafield tag="604" ind1=" " ind2=" ">
            <subfield code="0">074318314</subfield>
            <subfield code="a">Sénèque (0004 av. J.-C.-0065)</subfield>
            <subfield code="t">Thyestes</subfield>
            <subfield code="2">rameau</subfield>
          </datafield>
          <datafield tag="606" ind1="1" ind2=" ">
            <subfield code="3">027611973</subfield>
            <subfield code="a">Philosophie</subfield>
            <subfield code="x">Dans la littérature</subfield>
            <subfield code="3">027253139</subfield>
            <subfield code="x">Thèses et écrits académiques</subfield>
            <subfield code="2">rameau</subfield>
          </datafield>
          <datafield tag="700" ind1=" " ind2="1">
            <subfield code="3">061621250</subfield>
            <subfield code="a">Alberti</subfield>
            <subfield code="b">Carine</subfield>
            <subfield code="4">070</subfield>
          </datafield>
          <datafield tag="712" ind1="0" ind2="2">
            <subfield code="3">026403633</subfield>
            <subfield code="a">Université de Paris-Sorbonne</subfield>
            <subfield code="4">295</subfield>
          </datafield>
          <datafield tag="801" ind1=" " ind2="3">
            <subfield code="a">FR</subfield>
            <subfield code="b">Abes</subfield>
            <subfield code="c">20040925</subfield>
            <subfield code="g">AFNOR</subfield>
          </datafield>
          <datafield tag="915" ind1=" " ind2=" ">
            <subfield code="5">751052105:186613024</subfield>
            <subfield code="a">751052105d/</subfield>
          </datafield>
          <datafield tag="917" ind1=" " ind2=" ">
            <subfield code="5">751052105:186613024</subfield>
            <subfield code="a">aaxx</subfield>
          </datafield>
          <datafield tag="930" ind1=" " ind2=" ">
            <subfield code="5">751052105:186613024</subfield>
            <subfield code="b">751052105</subfield>
            <subfield code="c">Salle des microformes</subfield>
            <subfield code="d">Communication indirecte</subfield>
            <subfield code="a">MC 5663</subfield>
            <subfield code="j">u</subfield>
          </datafield>
          <datafield tag="999" ind1=" " ind2=" ">
            <subfield code="5">751052105:186613024</subfield>
            <subfield code="a">jpc</subfield>
          </datafield>
        </record>
      </recordData>
      <recordPosition>31</recordPosition>
    </record>