
    <record>
      <recordSchema>dc</recordSchema>
      <recordPacking>xml</recordPacking>
      <recordData>
        <record xsi:schemaLocation="http://www.loc.gov/MARC21/slim http://www.loc.gov/standards/marcxml/schema/MARC21slim.xsd" xmlns="http://www.loc.gov/MARC21/slim" xmlns:xsi="http://www.w3.org/2001/XMLSchema-instance">
          <leader>01896cam0 2200493   4500</leader>
          <controlfield tag="001">073659584</controlfield>
          <controlfield tag="005">20050705103332.000</controlfield>
          <datafield tag="010" ind1=" " ind2=" ">
            <subfield code="a">2-7427-4240-9</subfield>
            <subfield code="b">br.</subfield>
          </datafield>
          <datafield tag="035" ind1=" " ind2=" ">
            <subfield code="5">441092102</subfield>
            <subfield code="a">ALP291839</subfield>
          </datafield>
          <datafield tag="100" ind1=" " ind2=" ">
            <subfield code="a">20030724d2003    k  y0frey0103    ba</subfield>
          </datafield>
          <datafield tag="101" ind1="0" ind2=" ">
            <subfield code="a">fre</subfield>
          </datafield>
          <datafield tag="102" ind1=" " ind2=" ">
            <subfield code="a">FR</subfield>
          </datafield>
          <datafield tag="105" ind1=" " ind2=" ">
            <subfield code="a">y   ||||001zd</subfield>
          </datafield>
          <datafield tag="106" ind1=" " ind2=" ">
            <subfield code="a">r</subfield>
          </datafield>
          <datafield tag="200" ind1="1" ind2=" ">
            <subfield code="a">Jour après jour</subfield>
            <subfield code="b">Texte imprimé</subfield>
            <subfield code="e">journal d'"Oedipe sur la route"</subfield>
            <subfield code="e">1983-1989</subfield>
            <subfield code="f">Henry Bauchau</subfield>
          </datafield>
          <datafield tag="205" ind1=" " ind2=" ">
            <subfield code="a">Édition revue par l'auteur</subfield>
          </datafield>
          <datafield tag="210" ind1=" " ind2=" ">
            <subfield code="a">Arles</subfield>
            <subfield code="c">Actes Sud</subfield>
            <subfield code="d">impr. 2003</subfield>
          </datafield>
          <datafield tag="215" ind1=" " ind2=" ">
            <subfield code="a">1 vol. (444 p.)</subfield>
            <subfield code="c">couv. ill. en coul.</subfield>
            <subfield code="d">18 cm</subfield>
          </datafield>
          <datafield tag="225" ind1="0" ind2=" ">
            <subfield code="a">Babel</subfield>
            <subfield code="v">588</subfield>
          </datafield>
          <datafield tag="320" ind1=" " ind2=" ">
            <subfield code="a">Index</subfield>
          </datafield>
          <datafield tag="410" ind1=" " ind2=" ">
            <subfield code="0">00148799X</subfield>
            <subfield code="t">Babel (Arles)</subfield>
            <subfield code="x">1140-3853</subfield>
            <subfield code="v">588</subfield>
          </datafield>
          <datafield tag="606" ind1="1" ind2=" ">
            <subfield code="3">027275639</subfield>
            <subfield code="a">Littérature belge de langue française</subfield>
            <subfield code="3">086305646</subfield>
            <subfield code="z">20e siècle</subfield>
            <subfield code="2">rameau</subfield>
          </datafield>
          <datafield tag="676" ind1=" " ind2=" ">
            <subfield code="a">848</subfield>
            <subfield code="v">21</subfield>
          </datafield>
          <datafield tag="700" ind1=" " ind2="1">
            <subfield code="3">026709457</subfield>
            <subfield code="a">Bauchau</subfield>
            <subfield code="b">Henry</subfield>
            <subfield code="f">1913-....</subfield>
            <subfield code="4">070</subfield>
          </datafield>
          <datafield tag="801" ind1=" " ind2="3">
            <subfield code="a">FR</subfield>
            <subfield code="b">Abes</subfield>
            <subfield code="c">20050705</subfield>
            <subfield code="g">AFNOR</subfield>
          </datafield>
          <datafield tag="915" ind1=" " ind2=" ">
            <subfield code="5">441092102:183973569</subfield>
            <subfield code="b">0084247166</subfield>
          </datafield>
          <datafield tag="930" ind1=" " ind2=" ">
            <subfield code="5">441092102:183973569</subfield>
            <subfield code="b">441092102</subfield>
            <subfield code="a">XD 424716</subfield>
            <subfield code="j">u</subfield>
          </datafield>
          <datafield tag="915" ind1=" " ind2=" ">
            <subfield code="5">514542102:195291948</subfield>
            <subfield code="a">LE033269</subfield>
          </datafield>
          <datafield tag="917" ind1=" " ind2=" ">
            <subfield code="5">514542102:195291948</subfield>
            <subfield code="a">aaax</subfield>
          </datafield>
          <datafield tag="930" ind1=" " ind2=" ">
            <subfield code="5">514542102:195291948</subfield>
            <subfield code="b">514542102</subfield>
            <subfield code="j">u</subfield>
          </datafield>
          <datafield tag="999" ind1=" " ind2=" ">
            <subfield code="5">514542102:195291948</subfield>
            <subfield code="a">LEOUV</subfield>
          </datafield>
          <datafield tag="930" ind1=" " ind2=" ">
            <subfield code="5">674821001:183860101</subfield>
            <subfield code="b">674821001</subfield>
            <subfield code="a">CF.233.592</subfield>
            <subfield code="j">u</subfield>
          </datafield>
          <datafield tag="990" ind1=" " ind2=" ">
            <subfield code="5">674821001:183860101</subfield>
            <subfield code="0">FBFL</subfield>
          </datafield>
          <datafield tag="930" ind1=" " ind2=" ">
            <subfield code="5">810042101:186343833</subfield>
            <subfield code="b">810042101</subfield>
            <subfield code="a">843.91 BAU</subfield>
            <subfield code="j">u</subfield>
          </datafield>
          <datafield tag="915" ind1=" " ind2=" ">
            <subfield code="5">372612102:205525350</subfield>
            <subfield code="a">XD 24428</subfield>
            <subfield code="b">0912226514</subfield>
          </datafield>
          <datafield tag="930" ind1=" " ind2=" ">
            <subfield code="5">372612102:205525350</subfield>
            <subfield code="b">372612102</subfield>
            <subfield code="c">BU-LET</subfield>
            <subfield code="d">MAG-L</subfield>
            <subfield code="a">XD 24428</subfield>
            <subfield code="j">u</subfield>
          </datafield>
          <datafield tag="999" ind1=" " ind2=" ">
            <subfield code="5">372612102:205525350</subfield>
            <subfield code="x">848.914 BAU</subfield>
          </datafield>
          <datafield tag="930" ind1=" " ind2=" ">
            <subfield code="5">751052102:202095355</subfield>
            <subfield code="b">751052102</subfield>
            <subfield code="a">XD 21040</subfield>
            <subfield code="j">u</subfield>
          </datafield>
          <datafield tag="915" ind1=" " ind2=" ">
            <subfield code="5">940282102:236166824</subfield>
            <subfield code="b">5200063071</subfield>
          </datafield>
          <datafield tag="917" ind1=" " ind2=" ">
            <subfield code="5">940282102:236166824</subfield>
            <subfield code="a">aaaa</subfield>
          </datafield>
          <datafield tag="930" ind1=" " ind2=" ">
            <subfield code="5">940282102:236166824</subfield>
            <subfield code="b">940282102</subfield>
            <subfield code="a">841 BAUC 4 JO</subfield>
            <subfield code="j">u</subfield>
          </datafield>
          <datafield tag="915" ind1=" " ind2=" ">
            <subfield code="5">751052116:185256465</subfield>
            <subfield code="a">B10763372</subfield>
            <subfield code="b">9107265884</subfield>
          </datafield>
          <datafield tag="917" ind1=" " ind2=" ">
            <subfield code="5">751052116:185256465</subfield>
            <subfield code="a">aaba</subfield>
          </datafield>
          <datafield tag="930" ind1=" " ind2=" ">
            <subfield code="5">751052116:185256465</subfield>
            <subfield code="b">751052116</subfield>
            <subfield code="a">8 Y SUP 84811</subfield>
            <subfield code="j">s</subfield>
          </datafield>
        </record>
      </recordData>
      <recordPosition>32</recordPosition>
    </record>