
    <record>
      <recordSchema>dc</recordSchema>
      <recordPacking>xml</recordPacking>
      <recordData>
        <record xsi:schemaLocation="http://www.loc.gov/MARC21/slim http://www.loc.gov/standards/marcxml/schema/MARC21slim.xsd" xmlns="http://www.loc.gov/MARC21/slim" xmlns:xsi="http://www.w3.org/2001/XMLSchema-instance">
          <leader>03742cam0 2200349   4500</leader>
          <controlfield tag="001">073435791</controlfield>
          <controlfield tag="005">20040924212739.000</controlfield>
          <datafield tag="100" ind1=" " ind2=" ">
            <subfield code="a">20030715d2003    m  y0frey0103    ba</subfield>
          </datafield>
          <datafield tag="101" ind1="0" ind2=" ">
            <subfield code="a">fre</subfield>
            <subfield code="d">fre</subfield>
            <subfield code="d">eng</subfield>
          </datafield>
          <datafield tag="102" ind1=" " ind2=" ">
            <subfield code="a">FR</subfield>
          </datafield>
          <datafield tag="105" ind1=" " ind2=" ">
            <subfield code="a">y   m   001yy</subfield>
          </datafield>
          <datafield tag="106" ind1=" " ind2=" ">
            <subfield code="a">r</subfield>
          </datafield>
          <datafield tag="200" ind1="1" ind2=" ">
            <subfield code="a">&lt;?char 136 ?&gt;Le &lt;?char 137 ?&gt;désir d'enfant de la petite fille à la femme au-delà de l'Oedipe</subfield>
            <subfield code="b">Texte imprimé</subfield>
            <subfield code="f">Laura Chacon Echeverria</subfield>
            <subfield code="g">sous la dir. de Marie-Jean Sauret</subfield>
          </datafield>
          <datafield tag="210" ind1=" " ind2=" ">
            <subfield code="a">[S.l.]</subfield>
            <subfield code="c">[s.n.]</subfield>
            <subfield code="d">2003</subfield>
          </datafield>
          <datafield tag="215" ind1=" " ind2=" ">
            <subfield code="a">320-13 f.</subfield>
            <subfield code="d">30 cm</subfield>
          </datafield>
          <datafield tag="301" ind1=" " ind2=" ">
            <subfield code="a">Thèse : 2003TOU20028</subfield>
          </datafield>
          <datafield tag="310" ind1=" " ind2=" ">
            <subfield code="a">Publication autorisée par le jury</subfield>
          </datafield>
          <datafield tag="320" ind1=" " ind2=" ">
            <subfield code="a">Bibliogr. f. 262-268. Résumés en français et en anglais</subfield>
          </datafield>
          <datafield tag="330" ind1=" " ind2=" ">
            <subfield code="a">Avec la forclusion du Nom-du-Père, nous nous trouvons dans le processus psychotique par lequel il s'agit de rejeter le sujet et le signifiant du désir hors de l'existence. L'expulsé réapparaît dans le réel et la maternité peut apparaître configurée comme un moment fécond pour ce retour. Nous avons bien vu dans nos cas tirés de la clinique de la psychose que la maternité peut devenir une  invitation à atteindre La femme. La relation entre les signifiants mère-femme de notre casuistique révèle un abîme dont la rencontre ouvre le réel de la jouissance, ouvre la pulsion de mort dans sa manifestation essentielle de la négativité du lien humain. La procréation face à l'(im)possibilité de symbolisation de l'Autre introduit la dissolution du lien social dans ses effets mortifères. L'absence de l'exception paternelle forclot le féminin chez la femme confrontée à un désir d'enfant. Désir d'enfant qui, selon notre lecture, signifie désir de rendre possible au sujet en devenir, dans sa position de filiation, sa structuration comme sujet de désir.</subfield>
          </datafield>
          <datafield tag="330" ind1=" " ind2=" ">
            <subfield code="a">The foreclosure of the Name of the Father introduces the psychotic structure, remaining expelled out of the existence, the subject and the signifier desire.  Expulsion reappears in the real : the passage to maternity can be configured as a fertile moment for its return. Our cases of clinical psychosis show how maternity can be an invitation to reach The woman : the relationship between the signifiers mother and woman do not show a hiatus ; it reveals an abyss whose encounter reveals the real of the jouissance, the death drive is opened in its essential manifestation of the negativity of the human bond. Procreation confronts with the impossibility of symbolization of the Other, introduces the dissolution of the social tie, in its lethal effects. The absence of the paternal exception forecloses the meeting with the feminine in the passage to maternity. The desire for a child (to make possible to the becoming subject its own structuring as subject of desire) remains fractured.</subfield>
          </datafield>
          <datafield tag="541" ind1=" " ind2=" ">
            <subfield code="a">&lt;?char 136 ?&gt;The &lt;?char 137 ?&gt;beyond Oedipus desire for a child from girl to woman</subfield>
            <subfield code="z">eng</subfield>
          </datafield>
          <datafield tag="606" ind1="1" ind2=" ">
            <subfield code="3">029042399</subfield>
            <subfield code="a">Maternité</subfield>
            <subfield code="x">Aspect psychologique</subfield>
            <subfield code="3">027253139</subfield>
            <subfield code="x">Thèses et écrits académiques</subfield>
            <subfield code="2">rameau</subfield>
          </datafield>
          <datafield tag="606" ind1="1" ind2=" ">
            <subfield code="3">027230600</subfield>
            <subfield code="a">Complexe d'Oedipe</subfield>
            <subfield code="3">027253139</subfield>
            <subfield code="x">Thèses et écrits académiques</subfield>
            <subfield code="2">rameau</subfield>
          </datafield>
          <datafield tag="606" ind1="1" ind2=" ">
            <subfield code="3">027364313</subfield>
            <subfield code="a">Sexualité féminine</subfield>
            <subfield code="3">02779007X</subfield>
            <subfield code="x">Aspect psychologique</subfield>
            <subfield code="3">027253139</subfield>
            <subfield code="x">Thèses et écrits académiques</subfield>
            <subfield code="2">rameau</subfield>
          </datafield>
          <datafield tag="606" ind1="1" ind2=" ">
            <subfield code="3">027458768</subfield>
            <subfield code="a">Féminité (psychologie)</subfield>
            <subfield code="3">027253139</subfield>
            <subfield code="x">Thèses et écrits académiques</subfield>
            <subfield code="2">rameau</subfield>
          </datafield>
          <datafield tag="606" ind1="1" ind2=" ">
            <subfield code="3">027518841</subfield>
            <subfield code="a">Infanticide</subfield>
            <subfield code="3">027253139</subfield>
            <subfield code="x">Thèses et écrits académiques</subfield>
            <subfield code="2">rameau</subfield>
          </datafield>
          <datafield tag="606" ind1="1" ind2=" ">
            <subfield code="3">027677842</subfield>
            <subfield code="a">Psychologie clinique</subfield>
            <subfield code="3">027253139</subfield>
            <subfield code="x">Thèses et écrits académiques</subfield>
            <subfield code="2">rameau</subfield>
          </datafield>
          <datafield tag="700" ind1=" " ind2="1">
            <subfield code="3">073434957</subfield>
            <subfield code="a">Chacon Echeverria</subfield>
            <subfield code="b">Laura</subfield>
            <subfield code="f">1959-....</subfield>
            <subfield code="4">070</subfield>
          </datafield>
          <datafield tag="702" ind1=" " ind2="1">
            <subfield code="3">027123901</subfield>
            <subfield code="a">Sauret</subfield>
            <subfield code="b">Marie-Jean</subfield>
            <subfield code="4">727</subfield>
          </datafield>
          <datafield tag="712" ind1="0" ind2="2">
            <subfield code="3">026403994</subfield>
            <subfield code="a">Université de Toulouse-Le Mirail</subfield>
            <subfield code="4">295</subfield>
          </datafield>
          <datafield tag="801" ind1=" " ind2="3">
            <subfield code="a">FR</subfield>
            <subfield code="b">Abes</subfield>
            <subfield code="c">20040924</subfield>
            <subfield code="g">AFNOR</subfield>
          </datafield>
          <datafield tag="930" ind1=" " ind2=" ">
            <subfield code="5">315552102:183444655</subfield>
            <subfield code="b">315552102</subfield>
            <subfield code="a">TR 1015-2003-28</subfield>
            <subfield code="j">u</subfield>
          </datafield>
        </record>
      </recordData>
      <recordPosition>33</recordPosition>
    </record>