
    <record>
      <recordSchema>dc</recordSchema>
      <recordPacking>xml</recordPacking>
      <recordData>
        <record xsi:schemaLocation="http://www.loc.gov/MARC21/slim http://www.loc.gov/standards/marcxml/schema/MARC21slim.xsd" xmlns="http://www.loc.gov/MARC21/slim" xmlns:xsi="http://www.w3.org/2001/XMLSchema-instance">
          <leader>00686nam0 2200205   4500</leader>
          <controlfield tag="001">077858131</controlfield>
          <controlfield tag="005">20040506103711.000</controlfield>
          <datafield tag="010" ind1=" " ind2=" ">
            <subfield code="a">88-87466-12-2</subfield>
            <subfield code="b">br.</subfield>
            <subfield code="d">20 EUR</subfield>
          </datafield>
          <datafield tag="100" ind1=" " ind2=" ">
            <subfield code="a">20040506d2002    k  y0frey0103    ba</subfield>
          </datafield>
          <datafield tag="101" ind1="0" ind2=" ">
            <subfield code="a">fre</subfield>
            <subfield code="b">ita</subfield>
            <subfield code="e">ita</subfield>
            <subfield code="i">ita</subfield>
          </datafield>
          <datafield tag="102" ind1=" " ind2=" ">
            <subfield code="a">FR</subfield>
          </datafield>
          <datafield tag="105" ind1=" " ind2=" ">
            <subfield code="a">y   z   000by</subfield>
          </datafield>
          <datafield tag="106" ind1=" " ind2=" ">
            <subfield code="a">r</subfield>
          </datafield>
          <datafield tag="200" ind1="1" ind2=" ">
            <subfield code="a">Oedipe</subfield>
            <subfield code="b">Texte imprimé</subfield>
            <subfield code="e">tragédie</subfield>
            <subfield code="f">par Monsieur de Voltaire</subfield>
            <subfield code="g">a cura di Valeria De Gregorio Cirillo</subfield>
          </datafield>
          <datafield tag="210" ind1=" " ind2=" ">
            <subfield code="a">Naples</subfield>
            <subfield code="c">L'Orientale Editrice</subfield>
            <subfield code="d">2002</subfield>
          </datafield>
          <datafield tag="215" ind1=" " ind2=" ">
            <subfield code="a">190 p.</subfield>
            <subfield code="d">22 cm</subfield>
          </datafield>
          <datafield tag="700" ind1=" " ind2="1">
            <subfield code="3">027190099</subfield>
            <subfield code="a">Voltaire</subfield>
            <subfield code="f">1694-1778</subfield>
            <subfield code="4">070</subfield>
          </datafield>
          <datafield tag="702" ind1=" " ind2="1">
            <subfield code="3">035578572</subfield>
            <subfield code="a">De Gregorio Cirillo</subfield>
            <subfield code="b">Valeria</subfield>
            <subfield code="4">340</subfield>
          </datafield>
          <datafield tag="801" ind1=" " ind2="3">
            <subfield code="a">FR</subfield>
            <subfield code="b">Abes</subfield>
            <subfield code="c">20040506</subfield>
            <subfield code="g">AFNOR</subfield>
          </datafield>
          <datafield tag="930" ind1=" " ind2=" ">
            <subfield code="5">751052219:202121216</subfield>
            <subfield code="b">751052219</subfield>
            <subfield code="a">Tf 237</subfield>
            <subfield code="j">u</subfield>
          </datafield>
        </record>
      </recordData>
      <recordPosition>34</recordPosition>
    </record>