
    <record>
      <recordSchema>dc</recordSchema>
      <recordPacking>xml</recordPacking>
      <recordData>
        <record xsi:schemaLocation="http://www.loc.gov/MARC21/slim http://www.loc.gov/standards/marcxml/schema/MARC21slim.xsd" xmlns="http://www.loc.gov/MARC21/slim" xmlns:xsi="http://www.w3.org/2001/XMLSchema-instance">
          <leader>02975cam0 2200253   4500</leader>
          <controlfield tag="001">076933547</controlfield>
          <controlfield tag="005">20040925202131.000</controlfield>
          <datafield tag="100" ind1=" " ind2=" ">
            <subfield code="a">20040316d2002    k  y0frey0103    ba</subfield>
          </datafield>
          <datafield tag="101" ind1="0" ind2=" ">
            <subfield code="a">fre</subfield>
          </datafield>
          <datafield tag="102" ind1=" " ind2=" ">
            <subfield code="a">FR</subfield>
          </datafield>
          <datafield tag="105" ind1=" " ind2=" ">
            <subfield code="a">y   m   001yy</subfield>
          </datafield>
          <datafield tag="200" ind1="1" ind2=" ">
            <subfield code="a">Stratégies d'affrontement dans le théâtre de Sophocle</subfield>
            <subfield code="b">Texte imprimé</subfield>
            <subfield code="e">les formes et les fonctions de l'hostilité dans "Ajax", "Antigone", "Electre" "Philoctète" et "Oedipe à Colone"</subfield>
            <subfield code="f">Frédéric Fantasia</subfield>
            <subfield code="g">sous la direction de Didier Pralon</subfield>
          </datafield>
          <datafield tag="210" ind1=" " ind2=" ">
            <subfield code="a">[S.l.]</subfield>
            <subfield code="c">[s.d.]</subfield>
            <subfield code="d">2002</subfield>
          </datafield>
          <datafield tag="215" ind1=" " ind2=" ">
            <subfield code="a">340 f.</subfield>
            <subfield code="d">30 cm.</subfield>
          </datafield>
          <datafield tag="310" ind1=" " ind2=" ">
            <subfield code="a">Publication autorisée par le jury</subfield>
          </datafield>
          <datafield tag="320" ind1=" " ind2=" ">
            <subfield code="a">Bibliogr. ff. 334-338</subfield>
          </datafield>
          <datafield tag="330" ind1=" " ind2=" ">
            <subfield code="a">Chez Sophocle, la tragédie ne résulte pas d'une conciliation impossible. Elle est provoquée par une inimitié qui ne peut recourir aux institutions et qui donne une dimension politique à des formes originales de contestation. La défense de normes importe moins que la volonté de triompher, constitutive du politique. Les aspects idéologiques sont éclipsés par des stratégies d'affrontement, que différencie chaque fois leur interpétation de l'impératif éthique traditionnel "aider ses amis / nuire à ses ennemis". En préalable à la recherche est mise en évidence la flexibilité de cette éthique trop souvent uniformisée, puis sont étudiées successivement cinq pièces dans lesquelles l'hostilité a une importance manifeste :"Ajax", "Antigone", "Electre", "Philoctète" et "Oedipe à Colone". L'objectif est de expliciter des logiques conflictuelles spécifiques et de montrer comment l'origine de l'action est à chercher dans leur interaction : entre l'hostilité initiale et la péripétie s'élaborent ou se dévoilent des stratégies d'attaque ou d'esquive qui, en se démarquant l'une de l'autre, donnent leur signification aux évènements dramatiques. La conclusion rapproche ces stratégies selon leur dynamique et envisage le problème de la fonction du choeur à l'intérieur de l'affrontement, et celui de l'articulation des conflits divin et humain. Enfin, l'évolution dd la structure des pièces est réexaminée : la spécificité des stratégies, isolées dans la forme du diptyque, perd de l'importance au profit de leurs rapports et de leur détermination réciproque, par mimétisme ou différenciation, qui, échappant aux personnages  conduisent à s'interroger sur les mécanismes des conflits.</subfield>
          </datafield>
          <datafield tag="541" ind1=" " ind2=" ">
            <subfield code="a">Strategies of strife in the sophoclean tragedy : form and function of hostility in : "Ajax", "Antigona", "Electra", "Philoctet" and "Oedipe at Colonus"</subfield>
          </datafield>
          <datafield tag="600" ind1=" " ind2="1">
            <subfield code="3">027143619</subfield>
            <subfield code="a">Sophocle</subfield>
            <subfield code="3">027143619</subfield>
            <subfield code="f">0496?-0406 av. J.-C.</subfield>
            <subfield code="3">027253139</subfield>
            <subfield code="x">Thèses et écrits académiques</subfield>
            <subfield code="2">rameau</subfield>
          </datafield>
          <datafield tag="700" ind1=" " ind2="1">
            <subfield code="3">07693330X</subfield>
            <subfield code="a">Fantasia</subfield>
            <subfield code="b">Frédéric</subfield>
            <subfield code="f">1969-</subfield>
            <subfield code="4">070</subfield>
          </datafield>
          <datafield tag="702" ind1=" " ind2="1">
            <subfield code="3">029403332</subfield>
            <subfield code="a">Pralon</subfield>
            <subfield code="b">Didier</subfield>
            <subfield code="f">1943-....</subfield>
            <subfield code="4">727</subfield>
          </datafield>
          <datafield tag="712" ind1="0" ind2="2">
            <subfield code="3">030142946</subfield>
            <subfield code="a">Université de Provence</subfield>
            <subfield code="b">Faculté des lettres et sciences humaines</subfield>
            <subfield code="4">295</subfield>
          </datafield>
          <datafield tag="801" ind1=" " ind2="3">
            <subfield code="a">FR</subfield>
            <subfield code="b">Abes</subfield>
            <subfield code="c">20040925</subfield>
            <subfield code="g">AFNOR</subfield>
          </datafield>
          <datafield tag="930" ind1=" " ind2=" ">
            <subfield code="5">130012101:199227187</subfield>
            <subfield code="b">130012101</subfield>
            <subfield code="j">u</subfield>
          </datafield>
        </record>
      </recordData>
      <recordPosition>35</recordPosition>
    </record>