
    <record>
      <recordSchema>dc</recordSchema>
      <recordPacking>xml</recordPacking>
      <recordData>
        <record xsi:schemaLocation="http://www.loc.gov/MARC21/slim http://www.loc.gov/standards/marcxml/schema/MARC21slim.xsd" xmlns="http://www.loc.gov/MARC21/slim" xmlns:xsi="http://www.w3.org/2001/XMLSchema-instance">
          <leader>01049cam0 2200289   4500</leader>
          <controlfield tag="001">073919683</controlfield>
          <controlfield tag="005">20040319165245.000</controlfield>
          <datafield tag="010" ind1=" " ind2=" ">
            <subfield code="a">3-476-45304-9</subfield>
          </datafield>
          <datafield tag="100" ind1=" " ind2=" ">
            <subfield code="a">20030828d2002    u  u0frey0103    ba</subfield>
          </datafield>
          <datafield tag="101" ind1="1" ind2=" ">
            <subfield code="a">ger</subfield>
            <subfield code="c">gre</subfield>
          </datafield>
          <datafield tag="102" ind1=" " ind2=" ">
            <subfield code="a">DE</subfield>
          </datafield>
          <datafield tag="105" ind1=" " ind2=" ">
            <subfield code="a">y   #   000|y</subfield>
          </datafield>
          <datafield tag="200" ind1="1" ind2=" ">
            <subfield code="a">König Ödipus</subfield>
            <subfield code="b">Texte imprimé</subfield>
            <subfield code="e">Neuübersetzung in Iamben</subfield>
            <subfield code="f">Sophokles</subfield>
            <subfield code="g">Reto Zingg. Mit einem Geleitw. von Joachim Latacz</subfield>
          </datafield>
          <datafield tag="210" ind1=" " ind2=" ">
            <subfield code="a">Stuttgart</subfield>
            <subfield code="a">Weimar</subfield>
            <subfield code="c">Metzler</subfield>
            <subfield code="d">2002</subfield>
          </datafield>
          <datafield tag="215" ind1=" " ind2=" ">
            <subfield code="a">118 p.</subfield>
            <subfield code="d">21 cm</subfield>
          </datafield>
          <datafield tag="225" ind1="0" ind2=" ">
            <subfield code="a">Drama</subfield>
            <subfield code="v">Beiheft</subfield>
            <subfield code="v">20</subfield>
          </datafield>
          <datafield tag="410" ind1=" " ind2=" ">
            <subfield code="0">013547747</subfield>
            <subfield code="t">Drama. Beiheft</subfield>
            <subfield code="v">20</subfield>
          </datafield>
          <datafield tag="500" ind1=" " ind2=" ">
            <subfield code="3">030706777</subfield>
            <subfield code="a">Oedipe roi</subfield>
            <subfield code="m">allemand</subfield>
          </datafield>
          <datafield tag="700" ind1=" " ind2="0">
            <subfield code="3">027143619</subfield>
            <subfield code="a">Sophocle</subfield>
            <subfield code="f">0496?-0406 av. J.-C.</subfield>
            <subfield code="4">070</subfield>
          </datafield>
          <datafield tag="702" ind1=" " ind2="1">
            <subfield code="3">07392072X</subfield>
            <subfield code="a">Zingg</subfield>
            <subfield code="b">Reto</subfield>
            <subfield code="f">1972-</subfield>
            <subfield code="4">730</subfield>
          </datafield>
          <datafield tag="801" ind1=" " ind2="3">
            <subfield code="a">FR</subfield>
            <subfield code="b">Abes</subfield>
            <subfield code="c">20040319</subfield>
            <subfield code="g">AFNOR</subfield>
          </datafield>
          <datafield tag="801" ind1=" " ind2="0">
            <subfield code="b">GyFmDB</subfield>
            <subfield code="g">AACR2</subfield>
          </datafield>
          <datafield tag="801" ind1=" " ind2="2">
            <subfield code="b">CStRLIN</subfield>
            <subfield code="g">AACR2</subfield>
          </datafield>
          <datafield tag="915" ind1=" " ind2=" ">
            <subfield code="5">751052105:184232694</subfield>
            <subfield code="a">a/755322</subfield>
            <subfield code="b">1154041948</subfield>
          </datafield>
          <datafield tag="917" ind1=" " ind2=" ">
            <subfield code="5">751052105:184232694</subfield>
            <subfield code="a">aaaa</subfield>
          </datafield>
          <datafield tag="930" ind1=" " ind2=" ">
            <subfield code="5">751052105:184232694</subfield>
            <subfield code="b">751052105</subfield>
            <subfield code="c">Salle de lecture</subfield>
            <subfield code="d">Communication indirecte</subfield>
            <subfield code="a">M 8= 34491</subfield>
            <subfield code="j">u</subfield>
          </datafield>
          <datafield tag="999" ind1=" " ind2=" ">
            <subfield code="5">751052105:184232694</subfield>
            <subfield code="a">dir</subfield>
            <subfield code="b">DSS2</subfield>
          </datafield>
        </record>
      </recordData>
      <recordPosition>36</recordPosition>
    </record>