
    <record>
      <recordSchema>dc</recordSchema>
      <recordPacking>xml</recordPacking>
      <recordData>
        <record xsi:schemaLocation="http://www.loc.gov/MARC21/slim http://www.loc.gov/standards/marcxml/schema/MARC21slim.xsd" xmlns="http://www.loc.gov/MARC21/slim" xmlns:xsi="http://www.w3.org/2001/XMLSchema-instance">
          <leader>01970nam0 2200469   4500</leader>
          <controlfield tag="001">072476168</controlfield>
          <controlfield tag="005">20030624095958.000</controlfield>
          <datafield tag="010" ind1=" " ind2=" ">
            <subfield code="a">2-251-00307-X</subfield>
            <subfield code="b">br.</subfield>
          </datafield>
          <datafield tag="100" ind1=" " ind2=" ">
            <subfield code="a">20030624f2002    ||||0frey0103    ba</subfield>
          </datafield>
          <datafield tag="101" ind1="1" ind2=" ">
            <subfield code="a">fre</subfield>
            <subfield code="c">grc</subfield>
          </datafield>
          <datafield tag="102" ind1=" " ind2=" ">
            <subfield code="a">FR</subfield>
          </datafield>
          <datafield tag="105" ind1=" " ind2=" ">
            <subfield code="a">y   |||||||||</subfield>
          </datafield>
          <datafield tag="106" ind1=" " ind2=" ">
            <subfield code="a">r</subfield>
          </datafield>
          <datafield tag="200" ind1="1" ind2=" ">
            <subfield code="a">Tragédies</subfield>
            <subfield code="b">Texte imprimé</subfield>
            <subfield code="f">Sophocle</subfield>
            <subfield code="h">Tome 2</subfield>
            <subfield code="i">Ajax ; Oedipe Roi ; Electre</subfield>
            <subfield code="f">Sophocle</subfield>
            <subfield code="g">texte établi par Alphonse Dain et trad. par Paul Mazon</subfield>
          </datafield>
          <datafield tag="205" ind1=" " ind2=" ">
            <subfield code="a">11e tirage</subfield>
            <subfield code="f">par Jean Irigoin</subfield>
          </datafield>
          <datafield tag="210" ind1=" " ind2=" ">
            <subfield code="a">Paris</subfield>
            <subfield code="c">les Belles lettres</subfield>
            <subfield code="d">2002</subfield>
          </datafield>
          <datafield tag="215" ind1=" " ind2=" ">
            <subfield code="a">VIII-194 p., pagination double p. 10-194</subfield>
            <subfield code="d">20 cm</subfield>
          </datafield>
          <datafield tag="225" ind1="1" ind2=" ">
            <subfield code="a">Collection des Universités de France</subfield>
            <subfield code="x">0184-7155</subfield>
          </datafield>
          <datafield tag="410" ind1=" " ind2=" ">
            <subfield code="0">040505499</subfield>
            <subfield code="t">Collection des universités de France. Série grecque</subfield>
            <subfield code="x">1275-4234</subfield>
          </datafield>
          <datafield tag="423" ind1=" " ind2=" ">
            <subfield code="t">Electra</subfield>
          </datafield>
          <datafield tag="423" ind1=" " ind2=" ">
            <subfield code="t">Oedipus Rex</subfield>
          </datafield>
          <datafield tag="454" ind1=" " ind2=" ">
            <subfield code="t">Ajax ; Oedipus Rex ; Electra</subfield>
          </datafield>
          <datafield tag="500" ind1=" " ind2=" ">
            <subfield code="3">028199103</subfield>
            <subfield code="a">Ajax</subfield>
            <subfield code="m">grec ancien-français</subfield>
          </datafield>
          <datafield tag="500" ind1=" " ind2=" ">
            <subfield code="3">030706777</subfield>
            <subfield code="a">Oedipe roi</subfield>
            <subfield code="m">grec ancien-français</subfield>
          </datafield>
          <datafield tag="500" ind1=" " ind2=" ">
            <subfield code="3">032032242</subfield>
            <subfield code="a">Électre</subfield>
            <subfield code="m">grec ancien-français</subfield>
          </datafield>
          <datafield tag="700" ind1=" " ind2="0">
            <subfield code="3">027143619</subfield>
            <subfield code="a">Sophocle</subfield>
            <subfield code="f">0496?-0406 av. J.-C.</subfield>
            <subfield code="4">070</subfield>
          </datafield>
          <datafield tag="702" ind1=" " ind2="1">
            <subfield code="3">026809346</subfield>
            <subfield code="a">Dain</subfield>
            <subfield code="b">Alphonse</subfield>
            <subfield code="f">1896-1964</subfield>
            <subfield code="4">340</subfield>
          </datafield>
          <datafield tag="702" ind1=" " ind2="1">
            <subfield code="3">026931168</subfield>
            <subfield code="a">Irigoin</subfield>
            <subfield code="b">Jean</subfield>
            <subfield code="f">1920-2006</subfield>
            <subfield code="4">340</subfield>
          </datafield>
          <datafield tag="702" ind1=" " ind2="1">
            <subfield code="3">027020789</subfield>
            <subfield code="a">Mazon</subfield>
            <subfield code="b">Paul</subfield>
            <subfield code="f">1874-1955</subfield>
            <subfield code="4">730</subfield>
          </datafield>
          <datafield tag="801" ind1=" " ind2="3">
            <subfield code="a">FR</subfield>
            <subfield code="b">Abes</subfield>
            <subfield code="c">20030624</subfield>
            <subfield code="g">AFNOR</subfield>
          </datafield>
          <datafield tag="915" ind1=" " ind2=" ">
            <subfield code="5">141182202:23111768X</subfield>
            <subfield code="a">L.A.05/63</subfield>
            <subfield code="b">6010440059</subfield>
          </datafield>
          <datafield tag="917" ind1=" " ind2=" ">
            <subfield code="5">141182202:23111768X</subfield>
            <subfield code="a">abau</subfield>
          </datafield>
          <datafield tag="930" ind1=" " ind2=" ">
            <subfield code="5">141182202:23111768X</subfield>
            <subfield code="b">141182202</subfield>
            <subfield code="c">BUSH</subfield>
            <subfield code="d">BUSH</subfield>
            <subfield code="l">GR</subfield>
            <subfield code="a">S309 SOPH TT TR/2</subfield>
            <subfield code="j">g</subfield>
          </datafield>
          <datafield tag="990" ind1=" " ind2=" ">
            <subfield code="5">141182202:23111768X</subfield>
            <subfield code="0">L.A.05/63</subfield>
          </datafield>
          <datafield tag="915" ind1=" " ind2=" ">
            <subfield code="5">693872305:196550025</subfield>
            <subfield code="b">130655</subfield>
          </datafield>
          <datafield tag="930" ind1=" " ind2=" ">
            <subfield code="5">693872305:196550025</subfield>
            <subfield code="b">693872305</subfield>
            <subfield code="a">88/1 SOP t (2)</subfield>
            <subfield code="j">s</subfield>
          </datafield>
          <datafield tag="915" ind1=" " ind2=" ">
            <subfield code="5">352382101:179607405</subfield>
            <subfield code="a">0285516216</subfield>
            <subfield code="b">0285516216</subfield>
          </datafield>
          <datafield tag="917" ind1=" " ind2=" ">
            <subfield code="5">352382101:179607405</subfield>
            <subfield code="a">aaaa</subfield>
          </datafield>
          <datafield tag="930" ind1=" " ind2=" ">
            <subfield code="5">352382101:179607405</subfield>
            <subfield code="b">352382101</subfield>
            <subfield code="a">XF 880/SOP/443</subfield>
            <subfield code="j">u</subfield>
          </datafield>
          <datafield tag="915" ind1=" " ind2=" ">
            <subfield code="5">372612102:202079627</subfield>
            <subfield code="a">XF 8886</subfield>
            <subfield code="b">0912213699</subfield>
          </datafield>
          <datafield tag="930" ind1=" " ind2=" ">
            <subfield code="5">372612102:202079627</subfield>
            <subfield code="b">372612102</subfield>
            <subfield code="c">BU-LET</subfield>
            <subfield code="d">SAL-L1</subfield>
            <subfield code="a">888 SOP</subfield>
            <subfield code="j">u</subfield>
          </datafield>
          <datafield tag="930" ind1=" " ind2=" ">
            <subfield code="5">751132102:245970819</subfield>
            <subfield code="b">751132102</subfield>
            <subfield code="j">u</subfield>
          </datafield>
        </record>
      </recordData>
      <recordPosition>37</recordPosition>
    </record>