
    <record>
      <recordSchema>dc</recordSchema>
      <recordPacking>xml</recordPacking>
      <recordData>
        <record xsi:schemaLocation="http://www.loc.gov/MARC21/slim http://www.loc.gov/standards/marcxml/schema/MARC21slim.xsd" xmlns="http://www.loc.gov/MARC21/slim" xmlns:xsi="http://www.w3.org/2001/XMLSchema-instance">
          <leader>01278cam0 2200289   4500</leader>
          <controlfield tag="001">069930929</controlfield>
          <controlfield tag="005">20040924201024.000</controlfield>
          <datafield tag="100" ind1=" " ind2=" ">
            <subfield code="a">20030306e20022000k  y0frey0103    ba</subfield>
          </datafield>
          <datafield tag="101" ind1="0" ind2=" ">
            <subfield code="a">fre</subfield>
          </datafield>
          <datafield tag="102" ind1=" " ind2=" ">
            <subfield code="a">FR</subfield>
          </datafield>
          <datafield tag="105" ind1=" " ind2=" ">
            <subfield code="a">y   ||||000yy</subfield>
          </datafield>
          <datafield tag="130" ind1=" " ind2=" ">
            <subfield code="a">ebmu|||ab|u</subfield>
          </datafield>
          <datafield tag="200" ind1="1" ind2=" ">
            <subfield code="a">"Destins" de la famille d'Œdipe</subfield>
            <subfield code="b">Microforme</subfield>
            <subfield code="f">par Catherine Combase</subfield>
          </datafield>
          <datafield tag="210" ind1=" " ind2=" ">
            <subfield code="a">Lille</subfield>
            <subfield code="c">Atelier national de Reproduction des Thèses</subfield>
            <subfield code="d">2002</subfield>
          </datafield>
          <datafield tag="215" ind1=" " ind2=" ">
            <subfield code="a">1 microfiche</subfield>
            <subfield code="d">105 x 148 mm.</subfield>
          </datafield>
          <datafield tag="301" ind1=" " ind2=" ">
            <subfield code="a">2000PA05H032</subfield>
          </datafield>
          <datafield tag="452" ind1=" " ind2=" ">
            <subfield code="0">066792266</subfield>
            <subfield code="t">"DESTINS" DE LA FAMILLE D'OEDIPE</subfield>
            <subfield code="c">[S.l.]</subfield>
            <subfield code="d">2000</subfield>
            <subfield code="p">284 p.</subfield>
          </datafield>
          <datafield tag="600" ind1=" " ind2="1">
            <subfield code="3">027512312</subfield>
            <subfield code="a">Oedipe</subfield>
            <subfield code="3">027512312</subfield>
            <subfield code="c">mythologie grecque</subfield>
            <subfield code="3">027253139</subfield>
            <subfield code="x">Thèses et écrits académiques</subfield>
            <subfield code="2">rameau</subfield>
          </datafield>
          <datafield tag="606" ind1="1" ind2=" ">
            <subfield code="3">027230600</subfield>
            <subfield code="a">Complexe d'Oedipe</subfield>
            <subfield code="3">027253139</subfield>
            <subfield code="x">Thèses et écrits académiques</subfield>
            <subfield code="2">rameau</subfield>
          </datafield>
          <datafield tag="606" ind1="1" ind2=" ">
            <subfield code="3">027267741</subfield>
            <subfield code="a">Généalogie</subfield>
            <subfield code="3">027253139</subfield>
            <subfield code="x">Thèses et écrits académiques</subfield>
            <subfield code="2">rameau</subfield>
          </datafield>
          <datafield tag="606" ind1="1" ind2=" ">
            <subfield code="3">027241734</subfield>
            <subfield code="a">Thérapie familiale</subfield>
            <subfield code="3">027253139</subfield>
            <subfield code="x">Thèses et écrits académiques</subfield>
            <subfield code="2">rameau</subfield>
          </datafield>
          <datafield tag="700" ind1=" " ind2="1">
            <subfield code="3">069930767</subfield>
            <subfield code="a">Combase</subfield>
            <subfield code="b">Catherine</subfield>
            <subfield code="4">070</subfield>
          </datafield>
          <datafield tag="801" ind1=" " ind2="3">
            <subfield code="a">FR</subfield>
            <subfield code="b">Abes</subfield>
            <subfield code="c">20040924</subfield>
            <subfield code="g">AFNOR</subfield>
          </datafield>
          <datafield tag="915" ind1=" " ind2=" ">
            <subfield code="5">751052105:171467620</subfield>
            <subfield code="a">751052105d/</subfield>
          </datafield>
          <datafield tag="917" ind1=" " ind2=" ">
            <subfield code="5">751052105:171467620</subfield>
            <subfield code="a">aaxx</subfield>
          </datafield>
          <datafield tag="930" ind1=" " ind2=" ">
            <subfield code="5">751052105:171467620</subfield>
            <subfield code="b">751052105</subfield>
            <subfield code="c">Salle des microformes</subfield>
            <subfield code="d">Communication indirecte</subfield>
            <subfield code="a">MC 4510</subfield>
            <subfield code="j">g</subfield>
          </datafield>
          <datafield tag="999" ind1=" " ind2=" ">
            <subfield code="5">751052105:171467620</subfield>
            <subfield code="a">jpc</subfield>
          </datafield>
        </record>
      </recordData>
      <recordPosition>38</recordPosition>
    </record>