
    <record>
      <recordSchema>dc</recordSchema>
      <recordPacking>xml</recordPacking>
      <recordData>
        <record xsi:schemaLocation="http://www.loc.gov/MARC21/slim http://www.loc.gov/standards/marcxml/schema/MARC21slim.xsd" xmlns="http://www.loc.gov/MARC21/slim" xmlns:xsi="http://www.w3.org/2001/XMLSchema-instance">
          <leader>01969cam0 2200469   4500</leader>
          <controlfield tag="001">069674876</controlfield>
          <controlfield tag="005">20030606133104.000</controlfield>
          <datafield tag="010" ind1=" " ind2=" ">
            <subfield code="a">2-8483-0001-9</subfield>
            <subfield code="b">Br</subfield>
            <subfield code="d">35 EUR</subfield>
          </datafield>
          <datafield tag="035" ind1=" " ind2=" ">
            <subfield code="5">490072106</subfield>
            <subfield code="a">01-0142851</subfield>
          </datafield>
          <datafield tag="100" ind1=" " ind2=" ">
            <subfield code="a">20030212d2002    m  y0frey0103    ba</subfield>
          </datafield>
          <datafield tag="101" ind1="0" ind2=" ">
            <subfield code="a">fre</subfield>
          </datafield>
          <datafield tag="102" ind1=" " ind2=" ">
            <subfield code="a">FR</subfield>
          </datafield>
          <datafield tag="105" ind1=" " ind2=" ">
            <subfield code="a">y   z   001yy</subfield>
          </datafield>
          <datafield tag="106" ind1=" " ind2=" ">
            <subfield code="a">r</subfield>
          </datafield>
          <datafield tag="200" ind1="1" ind2=" ">
            <subfield code="a">Oedipe à Lesbos</subfield>
            <subfield code="b">Texte imprimé</subfield>
            <subfield code="e">Baudelaire, la femme, la poésie</subfield>
            <subfield code="f">Pierre Laforgue</subfield>
          </datafield>
          <datafield tag="210" ind1=" " ind2=" ">
            <subfield code="a">Saint-Pierre-du-Mont (Landes)</subfield>
            <subfield code="c">Eurédit</subfield>
            <subfield code="d">2002</subfield>
          </datafield>
          <datafield tag="215" ind1=" " ind2=" ">
            <subfield code="a">249 p.</subfield>
            <subfield code="d">21 cm</subfield>
          </datafield>
          <datafield tag="320" ind1=" " ind2=" ">
            <subfield code="a">Bibliogr. p. 243-246. Index</subfield>
          </datafield>
          <datafield tag="600" ind1=" " ind2="1">
            <subfield code="3">026709635</subfield>
            <subfield code="a">Baudelaire</subfield>
            <subfield code="b">Charles</subfield>
            <subfield code="f">1821-1867</subfield>
            <subfield code="3">028633067</subfield>
            <subfield code="x">Critique et interprétation</subfield>
            <subfield code="2">rameau</subfield>
          </datafield>
          <datafield tag="700" ind1=" " ind2="1">
            <subfield code="3">033731519</subfield>
            <subfield code="a">Laforgue</subfield>
            <subfield code="b">Pierre</subfield>
            <subfield code="f">1957-....</subfield>
            <subfield code="4">070</subfield>
          </datafield>
          <datafield tag="801" ind1=" " ind2="3">
            <subfield code="a">FR</subfield>
            <subfield code="b">Abes</subfield>
            <subfield code="c">20030606</subfield>
            <subfield code="g">AFNOR</subfield>
          </datafield>
          <datafield tag="915" ind1=" " ind2=" ">
            <subfield code="5">490072106:193413671</subfield>
            <subfield code="b">32223004966727</subfield>
          </datafield>
          <datafield tag="930" ind1=" " ind2=" ">
            <subfield code="5">490072106:193413671</subfield>
            <subfield code="b">490072106</subfield>
            <subfield code="j">u</subfield>
          </datafield>
          <datafield tag="930" ind1=" " ind2=" ">
            <subfield code="5">951272104:192650866</subfield>
            <subfield code="b">951272104</subfield>
            <subfield code="a">841 BAUD (C) L</subfield>
            <subfield code="j">u</subfield>
          </datafield>
          <datafield tag="930" ind1=" " ind2=" ">
            <subfield code="5">212312101:174174357</subfield>
            <subfield code="b">212312101</subfield>
            <subfield code="a">841.8 LAF P*BU/DL</subfield>
            <subfield code="j">u</subfield>
          </datafield>
          <datafield tag="930" ind1=" " ind2=" ">
            <subfield code="5">173002101:199796637</subfield>
            <subfield code="b">173002101</subfield>
            <subfield code="j">u</subfield>
          </datafield>
          <datafield tag="915" ind1=" " ind2=" ">
            <subfield code="5">591832101:17640693X</subfield>
            <subfield code="b">1464070390</subfield>
          </datafield>
          <datafield tag="930" ind1=" " ind2=" ">
            <subfield code="5">591832101:17640693X</subfield>
            <subfield code="b">591832101</subfield>
            <subfield code="a">841.8</subfield>
            <subfield code="j">u</subfield>
          </datafield>
          <datafield tag="930" ind1=" " ind2=" ">
            <subfield code="5">690292101:170686868</subfield>
            <subfield code="b">690292101</subfield>
            <subfield code="j">u</subfield>
          </datafield>
          <datafield tag="930" ind1=" " ind2=" ">
            <subfield code="5">341722103:172172381</subfield>
            <subfield code="b">341722103</subfield>
            <subfield code="a">840"18" BAU.C 5 L</subfield>
            <subfield code="j">u</subfield>
          </datafield>
          <datafield tag="915" ind1=" " ind2=" ">
            <subfield code="5">930662101:172247322</subfield>
            <subfield code="b">025370356</subfield>
          </datafield>
          <datafield tag="930" ind1=" " ind2=" ">
            <subfield code="5">930662101:172247322</subfield>
            <subfield code="b">930662101</subfield>
            <subfield code="a">840"18" BAU 8</subfield>
            <subfield code="j">u</subfield>
          </datafield>
          <datafield tag="930" ind1=" " ind2=" ">
            <subfield code="5">920502102:175687315</subfield>
            <subfield code="b">920502102</subfield>
            <subfield code="a">840"18" BAU 8 LAF</subfield>
            <subfield code="j">u</subfield>
          </datafield>
          <datafield tag="915" ind1=" " ind2=" ">
            <subfield code="5">930792101:197688659</subfield>
            <subfield code="b">0152139364</subfield>
          </datafield>
          <datafield tag="930" ind1=" " ind2=" ">
            <subfield code="5">930792101:197688659</subfield>
            <subfield code="b">930792101</subfield>
            <subfield code="a">840"18" BAU 8 LAF</subfield>
            <subfield code="j">u</subfield>
          </datafield>
          <datafield tag="915" ind1=" " ind2=" ">
            <subfield code="5">751052105:195445821</subfield>
            <subfield code="a">a/462718</subfield>
            <subfield code="b">1155226818</subfield>
          </datafield>
          <datafield tag="917" ind1=" " ind2=" ">
            <subfield code="5">751052105:195445821</subfield>
            <subfield code="a">aaaa</subfield>
          </datafield>
          <datafield tag="930" ind1=" " ind2=" ">
            <subfield code="5">751052105:195445821</subfield>
            <subfield code="b">751052105</subfield>
            <subfield code="c">Salle de lecture</subfield>
            <subfield code="d">Communication indirecte</subfield>
            <subfield code="a">M 8= 40448</subfield>
            <subfield code="j">u</subfield>
          </datafield>
          <datafield tag="999" ind1=" " ind2=" ">
            <subfield code="5">751052105:195445821</subfield>
            <subfield code="a">aa</subfield>
            <subfield code="b">DSS2</subfield>
          </datafield>
          <datafield tag="915" ind1=" " ind2=" ">
            <subfield code="5">751052116:232896895</subfield>
            <subfield code="a">B10800490</subfield>
            <subfield code="b">9108212399</subfield>
          </datafield>
          <datafield tag="917" ind1=" " ind2=" ">
            <subfield code="5">751052116:232896895</subfield>
            <subfield code="a">aaba</subfield>
          </datafield>
          <datafield tag="930" ind1=" " ind2=" ">
            <subfield code="5">751052116:232896895</subfield>
            <subfield code="b">751052116</subfield>
            <subfield code="a">8 Y SUP 91752</subfield>
            <subfield code="j">s</subfield>
          </datafield>
        </record>
      </recordData>
      <recordPosition>39</recordPosition>
    </record>