
    <record>
      <recordSchema>dc</recordSchema>
      <recordPacking>xml</recordPacking>
      <recordData>
        <record xsi:schemaLocation="http://www.loc.gov/MARC21/slim http://www.loc.gov/standards/marcxml/schema/MARC21slim.xsd" xmlns="http://www.loc.gov/MARC21/slim" xmlns:xsi="http://www.w3.org/2001/XMLSchema-instance">
          <leader>00918nam0 2200241   4500</leader>
          <controlfield tag="001">069402760</controlfield>
          <controlfield tag="005">20030124114230.000</controlfield>
          <datafield tag="010" ind1=" " ind2=" ">
            <subfield code="a">2-7475-2288-1</subfield>
            <subfield code="b">br.</subfield>
            <subfield code="d">13,70 EU</subfield>
          </datafield>
          <datafield tag="100" ind1=" " ind2=" ">
            <subfield code="a">20030124d2002    k  y0frey0103    ba</subfield>
          </datafield>
          <datafield tag="101" ind1="0" ind2=" ">
            <subfield code="a">fre</subfield>
          </datafield>
          <datafield tag="102" ind1=" " ind2=" ">
            <subfield code="a">FR</subfield>
          </datafield>
          <datafield tag="105" ind1=" " ind2=" ">
            <subfield code="a">y   zz  000by</subfield>
          </datafield>
          <datafield tag="106" ind1=" " ind2=" ">
            <subfield code="a">r</subfield>
          </datafield>
          <datafield tag="200" ind1="1" ind2=" ">
            <subfield code="a">&lt;?char 136 ?&gt;Un &lt;?char 137 ?&gt;père, une mère, un fils : un mythe !</subfield>
            <subfield code="b">Texte imprimé</subfield>
            <subfield code="e">une histoire d'Oedipe</subfield>
            <subfield code="f">Grégory Evrard</subfield>
          </datafield>
          <datafield tag="210" ind1=" " ind2=" ">
            <subfield code="a">Paris</subfield>
            <subfield code="a">Montréal</subfield>
            <subfield code="a">Torino</subfield>
            <subfield code="c">L'Harmattan</subfield>
            <subfield code="d">2002</subfield>
            <subfield code="e">Condé sur Noireau</subfield>
            <subfield code="g">Impr. Corlet</subfield>
          </datafield>
          <datafield tag="215" ind1=" " ind2=" ">
            <subfield code="a">160 p.</subfield>
            <subfield code="c">couv. ill.</subfield>
            <subfield code="d">22 cm</subfield>
          </datafield>
          <datafield tag="225" ind1="0" ind2=" ">
            <subfield code="a">Théâtre des cinq continents</subfield>
            <subfield code="v">97</subfield>
          </datafield>
          <datafield tag="410" ind1=" " ind2=" ">
            <subfield code="9">640</subfield>
            <subfield code="0">040315649</subfield>
            <subfield code="t">Collection Théâtre des cinq continents</subfield>
            <subfield code="x">1258-3286</subfield>
            <subfield code="v">97</subfield>
          </datafield>
          <datafield tag="700" ind1=" " ind2="1">
            <subfield code="3">069403201</subfield>
            <subfield code="a">Evrard</subfield>
            <subfield code="b">Grégory</subfield>
            <subfield code="f">1977-</subfield>
            <subfield code="4">070</subfield>
          </datafield>
          <datafield tag="801" ind1=" " ind2="3">
            <subfield code="a">FR</subfield>
            <subfield code="b">Abes</subfield>
            <subfield code="c">20030124</subfield>
            <subfield code="g">AFNOR</subfield>
          </datafield>
          <datafield tag="915" ind1=" " ind2=" ">
            <subfield code="5">764512101:187098891</subfield>
            <subfield code="b">2000064129</subfield>
          </datafield>
          <datafield tag="930" ind1=" " ind2=" ">
            <subfield code="5">764512101:187098891</subfield>
            <subfield code="b">764512101</subfield>
            <subfield code="a">XD20524</subfield>
            <subfield code="j">u</subfield>
          </datafield>
          <datafield tag="930" ind1=" " ind2=" ">
            <subfield code="5">751052219:169977080</subfield>
            <subfield code="b">751052219</subfield>
            <subfield code="a">Ti 2604</subfield>
            <subfield code="j">u</subfield>
          </datafield>
        </record>
      </recordData>
      <recordPosition>40</recordPosition>
    </record>