
    <record>
      <recordSchema>dc</recordSchema>
      <recordPacking>xml</recordPacking>
      <recordData>
        <record xsi:schemaLocation="http://www.loc.gov/MARC21/slim http://www.loc.gov/standards/marcxml/schema/MARC21slim.xsd" xmlns="http://www.loc.gov/MARC21/slim" xmlns:xsi="http://www.w3.org/2001/XMLSchema-instance">
          <leader>05671cam0 2201237   4500</leader>
          <controlfield tag="001">06894053X</controlfield>
          <controlfield tag="005">20040202102453.000</controlfield>
          <datafield tag="010" ind1=" " ind2=" ">
            <subfield code="a">2-8431-0040-2</subfield>
            <subfield code="b">br.</subfield>
            <subfield code="d">22 EUR</subfield>
          </datafield>
          <datafield tag="035" ind1=" " ind2=" ">
            <subfield code="5">130012101</subfield>
            <subfield code="a">01-0220999</subfield>
          </datafield>
          <datafield tag="100" ind1=" " ind2=" ">
            <subfield code="a">20021125d2002    k  y0frey0103    ba</subfield>
          </datafield>
          <datafield tag="101" ind1="0" ind2=" ">
            <subfield code="a">fre</subfield>
          </datafield>
          <datafield tag="102" ind1=" " ind2=" ">
            <subfield code="a">FR</subfield>
          </datafield>
          <datafield tag="105" ind1=" " ind2=" ">
            <subfield code="a">y   a   001yy</subfield>
          </datafield>
          <datafield tag="106" ind1=" " ind2=" ">
            <subfield code="a">r</subfield>
          </datafield>
          <datafield tag="200" ind1="1" ind2=" ">
            <subfield code="a">&lt;?char 136 ?&gt;L'&lt;?char 137 ?&gt;Oedipe romantique</subfield>
            <subfield code="b">Texte imprimé</subfield>
            <subfield code="e">le jeune homme, le désir et l'histoire en 1830</subfield>
            <subfield code="f">Pierre Laforgue,...</subfield>
          </datafield>
          <datafield tag="210" ind1=" " ind2=" ">
            <subfield code="a">Grenoble</subfield>
            <subfield code="c">ELLUG</subfield>
            <subfield code="d">2002</subfield>
          </datafield>
          <datafield tag="215" ind1=" " ind2=" ">
            <subfield code="a">203 p.</subfield>
            <subfield code="c">couv. ill.</subfield>
            <subfield code="d">22 cm</subfield>
          </datafield>
          <datafield tag="225" ind1="2" ind2=" ">
            <subfield code="a">Bibliothèque stendhalienne et romantique</subfield>
            <subfield code="x">1294-0658</subfield>
          </datafield>
          <datafield tag="320" ind1=" " ind2=" ">
            <subfield code="a">Bibliogr. p. 197-200. Notes bibliogr. Index</subfield>
          </datafield>
          <datafield tag="410" ind1=" " ind2=" ">
            <subfield code="0">048114499</subfield>
            <subfield code="t">Bibliothèque stendhalienne et romantique</subfield>
            <subfield code="x">1294-0658</subfield>
          </datafield>
          <datafield tag="600" ind1=" " ind2="1">
            <subfield code="3">027512312</subfield>
            <subfield code="a">Oedipe</subfield>
            <subfield code="3">027512312</subfield>
            <subfield code="c">mythologie grecque</subfield>
            <subfield code="3">028054679</subfield>
            <subfield code="x">Dans la littérature</subfield>
            <subfield code="2">rameau</subfield>
          </datafield>
          <datafield tag="606" ind1="1" ind2=" ">
            <subfield code="3">027230600</subfield>
            <subfield code="a">Complexe d'Oedipe</subfield>
            <subfield code="2">rameau</subfield>
          </datafield>
          <datafield tag="606" ind1="1" ind2=" ">
            <subfield code="3">027236935</subfield>
            <subfield code="a">Littérature française</subfield>
            <subfield code="3">027794059</subfield>
            <subfield code="z">19e siècle</subfield>
            <subfield code="3">02778987X</subfield>
            <subfield code="x">Thèmes, motifs</subfield>
            <subfield code="2">rameau</subfield>
          </datafield>
          <datafield tag="606" ind1="1" ind2=" ">
            <subfield code="3">027242978</subfield>
            <subfield code="a">Romantisme (mouvement littéraire)</subfield>
            <subfield code="3">027226794</subfield>
            <subfield code="y">France</subfield>
            <subfield code="2">rameau</subfield>
          </datafield>
          <datafield tag="606" ind1="1" ind2=" ">
            <subfield code="3">027231860</subfield>
            <subfield code="a">Désir</subfield>
            <subfield code="3">028054679</subfield>
            <subfield code="x">Dans la littérature</subfield>
            <subfield code="2">rameau</subfield>
          </datafield>
          <datafield tag="676" ind1=" " ind2=" ">
            <subfield code="a">840</subfield>
            <subfield code="v">21</subfield>
          </datafield>
          <datafield tag="676" ind1=" " ind2=" ">
            <subfield code="a">843.7</subfield>
            <subfield code="v">21a</subfield>
          </datafield>
          <datafield tag="680" ind1=" " ind2=" ">
            <subfield code="a">PQ287</subfield>
          </datafield>
          <datafield tag="700" ind1=" " ind2="1">
            <subfield code="3">033731519</subfield>
            <subfield code="a">Laforgue</subfield>
            <subfield code="b">Pierre</subfield>
            <subfield code="f">1957-....</subfield>
            <subfield code="4">070</subfield>
          </datafield>
          <datafield tag="801" ind1=" " ind2="3">
            <subfield code="a">FR</subfield>
            <subfield code="b">Abes</subfield>
            <subfield code="c">20040202</subfield>
            <subfield code="g">AFNOR</subfield>
          </datafield>
          <datafield tag="801" ind1=" " ind2="3">
            <subfield code="a">FR</subfield>
            <subfield code="b">Electre</subfield>
            <subfield code="c">20020930</subfield>
            <subfield code="g">AFNOR</subfield>
          </datafield>
          <datafield tag="930" ind1=" " ind2=" ">
            <subfield code="5">130012101:169412229</subfield>
            <subfield code="b">130012101</subfield>
            <subfield code="a">809.935 LAF</subfield>
            <subfield code="j">u</subfield>
          </datafield>
          <datafield tag="915" ind1=" " ind2=" ">
            <subfield code="5">490072106:168450984</subfield>
            <subfield code="b">32223004659504</subfield>
          </datafield>
          <datafield tag="930" ind1=" " ind2=" ">
            <subfield code="5">490072106:168450984</subfield>
            <subfield code="b">490072106</subfield>
            <subfield code="j">s</subfield>
          </datafield>
          <datafield tag="915" ind1=" " ind2=" ">
            <subfield code="5">972332101:196810515</subfield>
            <subfield code="a">92053</subfield>
            <subfield code="b">0621145755</subfield>
          </datafield>
          <datafield tag="930" ind1=" " ind2=" ">
            <subfield code="5">972332101:196810515</subfield>
            <subfield code="b">972332101</subfield>
            <subfield code="a">840.7 LAF</subfield>
            <subfield code="j">u</subfield>
          </datafield>
          <datafield tag="915" ind1=" " ind2=" ">
            <subfield code="5">971202101:217757898</subfield>
            <subfield code="a">15696</subfield>
            <subfield code="b">0630815963</subfield>
          </datafield>
          <datafield tag="930" ind1=" " ind2=" ">
            <subfield code="5">971202101:217757898</subfield>
            <subfield code="b">971202101</subfield>
            <subfield code="a">840.914 LAF</subfield>
            <subfield code="j">u</subfield>
          </datafield>
          <datafield tag="915" ind1=" " ind2=" ">
            <subfield code="5">840072101:172136601</subfield>
            <subfield code="b">0211806199</subfield>
          </datafield>
          <datafield tag="930" ind1=" " ind2=" ">
            <subfield code="5">840072101:172136601</subfield>
            <subfield code="b">840072101</subfield>
            <subfield code="c">Libre-accès</subfield>
            <subfield code="a">843.7 LAF</subfield>
            <subfield code="j">u</subfield>
          </datafield>
          <datafield tag="992" ind1=" " ind2=" ">
            <subfield code="5">840072101:172136601</subfield>
            <subfield code="a">843.7</subfield>
            <subfield code="2">cdd</subfield>
          </datafield>
          <datafield tag="915" ind1=" " ind2=" ">
            <subfield code="5">141182101:172944236</subfield>
            <subfield code="a">546467</subfield>
            <subfield code="b">0063087459</subfield>
          </datafield>
          <datafield tag="917" ind1=" " ind2=" ">
            <subfield code="5">141182101:172944236</subfield>
            <subfield code="a">aaau</subfield>
          </datafield>
          <datafield tag="930" ind1=" " ind2=" ">
            <subfield code="5">141182101:172944236</subfield>
            <subfield code="b">141182101</subfield>
            <subfield code="c">BUDL</subfield>
            <subfield code="d">BUDL</subfield>
            <subfield code="l">MAG</subfield>
            <subfield code="a">546467</subfield>
            <subfield code="j">u</subfield>
          </datafield>
          <datafield tag="930" ind1=" " ind2=" ">
            <subfield code="5">631132101:169299422</subfield>
            <subfield code="b">631132101</subfield>
            <subfield code="j">u</subfield>
          </datafield>
          <datafield tag="930" ind1=" " ind2=" ">
            <subfield code="5">212312101:170595196</subfield>
            <subfield code="b">212312101</subfield>
            <subfield code="a">840.914 LAF P*BU/DL</subfield>
            <subfield code="j">u</subfield>
          </datafield>
          <datafield tag="915" ind1=" " ind2=" ">
            <subfield code="5">384212101:168270080</subfield>
            <subfield code="a">XE19938</subfield>
          </datafield>
          <datafield tag="930" ind1=" " ind2=" ">
            <subfield code="5">384212101:168270080</subfield>
            <subfield code="b">384212101</subfield>
            <subfield code="a">840.906 LAFO</subfield>
            <subfield code="j">u</subfield>
          </datafield>
          <datafield tag="915" ind1=" " ind2=" ">
            <subfield code="5">384212101:168270099</subfield>
            <subfield code="a">XE19939</subfield>
          </datafield>
          <datafield tag="930" ind1=" " ind2=" ">
            <subfield code="5">384212101:168270099</subfield>
            <subfield code="b">384212101</subfield>
            <subfield code="a">840.906 LAFO</subfield>
            <subfield code="j">u</subfield>
          </datafield>
          <datafield tag="915" ind1=" " ind2=" ">
            <subfield code="5">590092101:19718023X</subfield>
            <subfield code="a">BUC-2235</subfield>
          </datafield>
          <datafield tag="917" ind1=" " ind2=" ">
            <subfield code="5">590092101:19718023X</subfield>
            <subfield code="a">aaax</subfield>
          </datafield>
          <datafield tag="930" ind1=" " ind2=" ">
            <subfield code="5">590092101:19718023X</subfield>
            <subfield code="b">590092101</subfield>
            <subfield code="a">840.914 LAF</subfield>
            <subfield code="j">u</subfield>
          </datafield>
          <datafield tag="930" ind1=" " ind2=" ">
            <subfield code="5">870852107:175663165</subfield>
            <subfield code="b">870852107</subfield>
            <subfield code="a">840.09"18" LAF</subfield>
            <subfield code="j">u</subfield>
          </datafield>
          <datafield tag="915" ind1=" " ind2=" ">
            <subfield code="5">591832101:171621794</subfield>
            <subfield code="b">1449650390</subfield>
          </datafield>
          <datafield tag="930" ind1=" " ind2=" ">
            <subfield code="5">591832101:171621794</subfield>
            <subfield code="b">591832101</subfield>
            <subfield code="a">840.900 7</subfield>
            <subfield code="j">u</subfield>
          </datafield>
          <datafield tag="930" ind1=" " ind2=" ">
            <subfield code="5">690292101:169711668</subfield>
            <subfield code="b">690292101</subfield>
            <subfield code="j">u</subfield>
          </datafield>
          <datafield tag="930" ind1=" " ind2=" ">
            <subfield code="5">693872103:170330869</subfield>
            <subfield code="b">693872103</subfield>
            <subfield code="j">u</subfield>
          </datafield>
          <datafield tag="930" ind1=" " ind2=" ">
            <subfield code="5">693872102:170220060</subfield>
            <subfield code="b">693872102</subfield>
            <subfield code="j">u</subfield>
          </datafield>
          <datafield tag="915" ind1=" " ind2=" ">
            <subfield code="5">693872101:171124650</subfield>
            <subfield code="b">20077953</subfield>
          </datafield>
          <datafield tag="930" ind1=" " ind2=" ">
            <subfield code="5">693872101:171124650</subfield>
            <subfield code="b">693872101</subfield>
            <subfield code="a">809.914 LAF</subfield>
            <subfield code="j">u</subfield>
          </datafield>
          <datafield tag="915" ind1=" " ind2=" ">
            <subfield code="5">693872305:171516583</subfield>
            <subfield code="b">10804</subfield>
          </datafield>
          <datafield tag="930" ind1=" " ind2=" ">
            <subfield code="5">693872305:171516583</subfield>
            <subfield code="b">693872305</subfield>
            <subfield code="a">840.900 7 LAF o</subfield>
            <subfield code="j">s</subfield>
          </datafield>
          <datafield tag="915" ind1=" " ind2=" ">
            <subfield code="5">574632105:170318117</subfield>
            <subfield code="a">32170L</subfield>
            <subfield code="b">0314704041</subfield>
          </datafield>
          <datafield tag="930" ind1=" " ind2=" ">
            <subfield code="5">574632105:170318117</subfield>
            <subfield code="b">574632105</subfield>
            <subfield code="c">L</subfield>
            <subfield code="d">LL</subfield>
            <subfield code="a">840.935 1 LAF</subfield>
            <subfield code="j">u</subfield>
          </datafield>
          <datafield tag="992" ind1=" " ind2=" ">
            <subfield code="5">574632105:170318117</subfield>
            <subfield code="a">840.935 1</subfield>
          </datafield>
          <datafield tag="930" ind1=" " ind2=" ">
            <subfield code="5">341722103:172106796</subfield>
            <subfield code="b">341722103</subfield>
            <subfield code="a">XD 18847</subfield>
            <subfield code="j">u</subfield>
          </datafield>
          <datafield tag="915" ind1=" " ind2=" ">
            <subfield code="5">543952103:17075250X</subfield>
            <subfield code="a">0XD 14352</subfield>
            <subfield code="b">0541788976</subfield>
          </datafield>
          <datafield tag="930" ind1=" " ind2=" ">
            <subfield code="5">543952103:17075250X</subfield>
            <subfield code="b">543952103</subfield>
            <subfield code="c">SL2</subfield>
            <subfield code="a">A 840+6 laf</subfield>
            <subfield code="j">u</subfield>
          </datafield>
          <datafield tag="915" ind1=" " ind2=" ">
            <subfield code="5">441092102:170885011</subfield>
            <subfield code="b">0084126829</subfield>
          </datafield>
          <datafield tag="930" ind1=" " ind2=" ">
            <subfield code="5">441092102:170885011</subfield>
            <subfield code="b">441092102</subfield>
            <subfield code="a">XD 412682</subfield>
            <subfield code="j">u</subfield>
          </datafield>
          <datafield tag="915" ind1=" " ind2=" ">
            <subfield code="5">060882104:18670979X</subfield>
            <subfield code="a">23523-04-A</subfield>
            <subfield code="b">0922080639</subfield>
          </datafield>
          <datafield tag="917" ind1=" " ind2=" ">
            <subfield code="5">060882104:18670979X</subfield>
            <subfield code="a">aaac</subfield>
          </datafield>
          <datafield tag="930" ind1=" " ind2=" ">
            <subfield code="5">060882104:18670979X</subfield>
            <subfield code="b">060882104</subfield>
            <subfield code="c">BU-LET</subfield>
            <subfield code="d">SL2</subfield>
            <subfield code="a">PQ 287 LAF</subfield>
            <subfield code="j">u</subfield>
          </datafield>
          <datafield tag="930" ind1=" " ind2=" ">
            <subfield code="5">644452202:168789531</subfield>
            <subfield code="b">644452202</subfield>
            <subfield code="a">19 G LAF</subfield>
            <subfield code="j">s</subfield>
          </datafield>
          <datafield tag="915" ind1=" " ind2=" ">
            <subfield code="5">661362102:171596196</subfield>
            <subfield code="b">0PEL0165075</subfield>
          </datafield>
          <datafield tag="930" ind1=" " ind2=" ">
            <subfield code="5">661362102:171596196</subfield>
            <subfield code="b">661362102</subfield>
            <subfield code="a">840.02 LAF</subfield>
            <subfield code="j">u</subfield>
          </datafield>
          <datafield tag="999" ind1=" " ind2=" ">
            <subfield code="5">661362102:171596196</subfield>
            <subfield code="f">CXR</subfield>
          </datafield>
          <datafield tag="915" ind1=" " ind2=" ">
            <subfield code="5">352382101:171067541</subfield>
            <subfield code="a">0285279012</subfield>
            <subfield code="b">0285279012</subfield>
          </datafield>
          <datafield tag="917" ind1=" " ind2=" ">
            <subfield code="5">352382101:171067541</subfield>
            <subfield code="a">aaaa</subfield>
          </datafield>
          <datafield tag="930" ind1=" " ind2=" ">
            <subfield code="5">352382101:171067541</subfield>
            <subfield code="b">352382101</subfield>
            <subfield code="a">XD 840.9/19/127</subfield>
            <subfield code="j">u</subfield>
          </datafield>
          <datafield tag="915" ind1=" " ind2=" ">
            <subfield code="5">764512101:169827909</subfield>
            <subfield code="a">XD20140</subfield>
            <subfield code="b">2000061795</subfield>
          </datafield>
          <datafield tag="930" ind1=" " ind2=" ">
            <subfield code="5">764512101:169827909</subfield>
            <subfield code="b">764512101</subfield>
            <subfield code="a">XD20140</subfield>
            <subfield code="j">u</subfield>
          </datafield>
          <datafield tag="930" ind1=" " ind2=" ">
            <subfield code="5">674821001:170153509</subfield>
            <subfield code="b">674821001</subfield>
            <subfield code="a">CF.232.910</subfield>
            <subfield code="j">u</subfield>
          </datafield>
          <datafield tag="990" ind1=" " ind2=" ">
            <subfield code="5">674821001:170153509</subfield>
            <subfield code="0">FBFL</subfield>
          </datafield>
          <datafield tag="930" ind1=" " ind2=" ">
            <subfield code="5">315552102:171641744</subfield>
            <subfield code="b">315552102</subfield>
            <subfield code="a">840.914 LAF</subfield>
            <subfield code="j">u</subfield>
          </datafield>
          <datafield tag="915" ind1=" " ind2=" ">
            <subfield code="5">372612102:204568366</subfield>
            <subfield code="a">XD 24371</subfield>
            <subfield code="b">0912222318</subfield>
          </datafield>
          <datafield tag="930" ind1=" " ind2=" ">
            <subfield code="5">372612102:204568366</subfield>
            <subfield code="b">372612102</subfield>
            <subfield code="c">BU-LET</subfield>
            <subfield code="d">SAL-L1</subfield>
            <subfield code="a">840.900 7 LAF</subfield>
            <subfield code="j">u</subfield>
          </datafield>
          <datafield tag="930" ind1=" " ind2=" ">
            <subfield code="5">751052102:172618479</subfield>
            <subfield code="b">751052102</subfield>
            <subfield code="a">82.01 LAF</subfield>
            <subfield code="j">u</subfield>
          </datafield>
          <datafield tag="930" ind1=" " ind2=" ">
            <subfield code="5">751052227:231659695</subfield>
            <subfield code="b">751052227</subfield>
            <subfield code="a">C 6638</subfield>
            <subfield code="j">g</subfield>
          </datafield>
          <datafield tag="930" ind1=" " ind2=" ">
            <subfield code="5">920502102:171700368</subfield>
            <subfield code="b">920502102</subfield>
            <subfield code="a">840.09"18" LAF</subfield>
            <subfield code="j">u</subfield>
          </datafield>
          <datafield tag="915" ind1=" " ind2=" ">
            <subfield code="5">940282102:270480595</subfield>
            <subfield code="b">5200045162</subfield>
          </datafield>
          <datafield tag="930" ind1=" " ind2=" ">
            <subfield code="5">940282102:270480595</subfield>
            <subfield code="b">940282102</subfield>
            <subfield code="a">840 (091) "18" LAF</subfield>
            <subfield code="j">u</subfield>
          </datafield>
          <datafield tag="991" ind1=" " ind2=" ">
            <subfield code="5">940282102:270480595</subfield>
            <subfield code="a">Exemplaire créé automatiquement par l'ABES</subfield>
          </datafield>
          <datafield tag="915" ind1=" " ind2=" ">
            <subfield code="5">930792101:197046193</subfield>
            <subfield code="b">0151993172</subfield>
          </datafield>
          <datafield tag="930" ind1=" " ind2=" ">
            <subfield code="5">930792101:197046193</subfield>
            <subfield code="b">930792101</subfield>
            <subfield code="a">840.09"18" LAF</subfield>
            <subfield code="j">u</subfield>
          </datafield>
          <datafield tag="915" ind1=" " ind2=" ">
            <subfield code="5">751052105:169789314</subfield>
            <subfield code="a">f/153558</subfield>
            <subfield code="b">1154038252</subfield>
          </datafield>
          <datafield tag="917" ind1=" " ind2=" ">
            <subfield code="5">751052105:169789314</subfield>
            <subfield code="a">aaaa</subfield>
          </datafield>
          <datafield tag="930" ind1=" " ind2=" ">
            <subfield code="5">751052105:169789314</subfield>
            <subfield code="b">751052105</subfield>
            <subfield code="c">Salle de lecture</subfield>
            <subfield code="d">Communication indirecte</subfield>
            <subfield code="a">M 8= 29934</subfield>
            <subfield code="j">u</subfield>
          </datafield>
          <datafield tag="999" ind1=" " ind2=" ">
            <subfield code="5">751052105:169789314</subfield>
            <subfield code="a">aa</subfield>
            <subfield code="b">DSS2</subfield>
          </datafield>
          <datafield tag="915" ind1=" " ind2=" ">
            <subfield code="5">751052116:169144046</subfield>
            <subfield code="a">B10751028</subfield>
            <subfield code="b">9106735746</subfield>
          </datafield>
          <datafield tag="917" ind1=" " ind2=" ">
            <subfield code="5">751052116:169144046</subfield>
            <subfield code="a">aaba</subfield>
          </datafield>
          <datafield tag="930" ind1=" " ind2=" ">
            <subfield code="5">751052116:169144046</subfield>
            <subfield code="b">751052116</subfield>
            <subfield code="a">8 Y SUP 82257</subfield>
            <subfield code="j">s</subfield>
          </datafield>
          <datafield tag="915" ind1=" " ind2=" ">
            <subfield code="5">751052144:213242885</subfield>
            <subfield code="b">3350306973</subfield>
          </datafield>
          <datafield tag="930" ind1=" " ind2=" ">
            <subfield code="5">751052144:213242885</subfield>
            <subfield code="b">751052144</subfield>
            <subfield code="a">840.900 7 LAF</subfield>
            <subfield code="j">i</subfield>
          </datafield>
          <datafield tag="999" ind1=" " ind2=" ">
            <subfield code="5">751052144:213242885</subfield>
            <subfield code="a">EM</subfield>
            <subfield code="b">LET4A</subfield>
          </datafield>
        </record>
      </recordData>
      <recordPosition>41</recordPosition>
    </record>