
    <record>
      <recordSchema>dc</recordSchema>
      <recordPacking>xml</recordPacking>
      <recordData>
        <record xsi:schemaLocation="http://www.loc.gov/MARC21/slim http://www.loc.gov/standards/marcxml/schema/MARC21slim.xsd" xmlns="http://www.loc.gov/MARC21/slim" xmlns:xsi="http://www.w3.org/2001/XMLSchema-instance">
          <leader>01058nam0 2200241   4500</leader>
          <controlfield tag="001">068925069</controlfield>
          <controlfield tag="005">20021122135740.728</controlfield>
          <datafield tag="035" ind1=" " ind2=" ">
            <subfield code="5">384212201</subfield>
            <subfield code="a">582231</subfield>
          </datafield>
          <datafield tag="100" ind1=" " ind2=" ">
            <subfield code="a">20021122d2002    k  |0frec0103    ba</subfield>
          </datafield>
          <datafield tag="101" ind1="0" ind2=" ">
            <subfield code="a">fre</subfield>
          </datafield>
          <datafield tag="102" ind1=" " ind2=" ">
            <subfield code="a">FR</subfield>
          </datafield>
          <datafield tag="105" ind1=" " ind2=" ">
            <subfield code="a">y   |||||||||</subfield>
          </datafield>
          <datafield tag="200" ind1="1" ind2=" ">
            <subfield code="a">Quand la loi empêchait Oedipe de consulter l'oracle sur sa naissance</subfield>
            <subfield code="e">la loi du 22 janvier 2002 sur l'accouchement sous X</subfield>
            <subfield code="f">Sophie Meynier</subfield>
          </datafield>
          <datafield tag="210" ind1=" " ind2=" ">
            <subfield code="a">Saint-Martin-d'Hères</subfield>
            <subfield code="c">IEP</subfield>
            <subfield code="d">2002</subfield>
          </datafield>
          <datafield tag="215" ind1=" " ind2=" ">
            <subfield code="a">173 p.</subfield>
            <subfield code="d">30 cm</subfield>
          </datafield>
          <datafield tag="300" ind1=" " ind2=" ">
            <subfield code="a">Mémoire  : Sci. polit. : Grenoble, IEP : 2002</subfield>
          </datafield>
          <datafield tag="300" ind1=" " ind2=" ">
            <subfield code="a">Séminaire : "Crimes et châtiments : police(s) et justice(s) XIXe-XXe siècles" dir. par Martine Kaluszynski et Jean-Charles Froment</subfield>
          </datafield>
          <datafield tag="606" ind1="1" ind2=" ">
            <subfield code="3">030043913</subfield>
            <subfield code="a">Abandon d'enfant</subfield>
            <subfield code="3">027226794</subfield>
            <subfield code="y">France</subfield>
            <subfield code="2">rameau</subfield>
          </datafield>
          <datafield tag="606" ind1="1" ind2=" ">
            <subfield code="3">02731300X</subfield>
            <subfield code="a">Enfants abandonnés</subfield>
            <subfield code="3">027466868</subfield>
            <subfield code="x">Droit</subfield>
            <subfield code="3">027226794</subfield>
            <subfield code="y">France</subfield>
            <subfield code="2">rameau</subfield>
          </datafield>
          <datafield tag="700" ind1=" " ind2="1">
            <subfield code="3">068900856</subfield>
            <subfield code="a">Meynier</subfield>
            <subfield code="b">Sophie</subfield>
            <subfield code="f">1979-</subfield>
            <subfield code="4">070</subfield>
          </datafield>
          <datafield tag="801" ind1=" " ind2="3">
            <subfield code="a">FR</subfield>
            <subfield code="b">Abes</subfield>
            <subfield code="c">20021122</subfield>
            <subfield code="g">AFNOR</subfield>
          </datafield>
          <datafield tag="915" ind1=" " ind2=" ">
            <subfield code="5">384212201:168206153</subfield>
            <subfield code="a"> Z 6023</subfield>
          </datafield>
          <datafield tag="930" ind1=" " ind2=" ">
            <subfield code="5">384212201:168206153</subfield>
            <subfield code="b">384212201</subfield>
            <subfield code="d">imo</subfield>
            <subfield code="a">Z 6023</subfield>
            <subfield code="j">u</subfield>
            <subfield code="2">iep-gi</subfield>
          </datafield>
        </record>
      </recordData>
      <recordPosition>42</recordPosition>
    </record>