
    <record>
      <recordSchema>dc</recordSchema>
      <recordPacking>xml</recordPacking>
      <recordData>
        <record xsi:schemaLocation="http://www.loc.gov/MARC21/slim http://www.loc.gov/standards/marcxml/schema/MARC21slim.xsd" xmlns="http://www.loc.gov/MARC21/slim" xmlns:xsi="http://www.w3.org/2001/XMLSchema-instance">
          <leader>06446cam0 2201381   4500</leader>
          <controlfield tag="001">068868626</controlfield>
          <controlfield tag="005">20050630122044.000</controlfield>
          <datafield tag="010" ind1=" " ind2=" ">
            <subfield code="a">2-7453-0724-X</subfield>
            <subfield code="b">br.</subfield>
          </datafield>
          <datafield tag="035" ind1=" " ind2=" ">
            <subfield code="5">130012101</subfield>
            <subfield code="a">01-0219778</subfield>
          </datafield>
          <datafield tag="100" ind1=" " ind2=" ">
            <subfield code="a">20021118d2002    k  y0frey0103    ba</subfield>
          </datafield>
          <datafield tag="101" ind1="0" ind2=" ">
            <subfield code="a">fre</subfield>
          </datafield>
          <datafield tag="102" ind1=" " ind2=" ">
            <subfield code="a">FR</subfield>
          </datafield>
          <datafield tag="105" ind1=" " ind2=" ">
            <subfield code="a">y   a   001cy</subfield>
          </datafield>
          <datafield tag="106" ind1=" " ind2=" ">
            <subfield code="a">r</subfield>
          </datafield>
          <datafield tag="200" ind1="1" ind2=" ">
            <subfield code="a">Oedipe enténébré</subfield>
            <subfield code="b">Texte imprimé</subfield>
            <subfield code="e">légendes d'Oedipe au XIIe siècle</subfield>
            <subfield code="f">Sylviane Messerli</subfield>
          </datafield>
          <datafield tag="210" ind1=" " ind2=" ">
            <subfield code="a">Paris</subfield>
            <subfield code="c">H. Champion</subfield>
            <subfield code="d">2002</subfield>
          </datafield>
          <datafield tag="215" ind1=" " ind2=" ">
            <subfield code="a">1 vol. (373 p.)</subfield>
            <subfield code="c">couv. ill.</subfield>
            <subfield code="d">23 cm</subfield>
          </datafield>
          <datafield tag="225" ind1="2" ind2=" ">
            <subfield code="a">Nouvelle bibliothèque du Moyen-âge</subfield>
            <subfield code="x">ISSN 0769-0940</subfield>
            <subfield code="v">64</subfield>
          </datafield>
          <datafield tag="317" ind1=" " ind2=" ">
            <subfield code="5">130012101</subfield>
            <subfield code="a">oma</subfield>
          </datafield>
          <datafield tag="320" ind1=" " ind2=" ">
            <subfield code="a">Bibliogr. p. [335]-364. Notes bibliogr. Index</subfield>
          </datafield>
          <datafield tag="410" ind1=" " ind2=" ">
            <subfield code="0">00103507X</subfield>
            <subfield code="t">Nouvelle bibliothèque du Moyen âge</subfield>
            <subfield code="x">0769-0940</subfield>
            <subfield code="v">64</subfield>
          </datafield>
          <datafield tag="600" ind1=" " ind2="0">
            <subfield code="3">027512312</subfield>
            <subfield code="a">Oedipe</subfield>
            <subfield code="3">027512312</subfield>
            <subfield code="c">mythologie grecque</subfield>
            <subfield code="3">028054679</subfield>
            <subfield code="x">Dans la littérature</subfield>
            <subfield code="2">rameau</subfield>
          </datafield>
          <datafield tag="606" ind1="1" ind2=" ">
            <subfield code="3">029647258</subfield>
            <subfield code="a">Roman médiéval</subfield>
            <subfield code="3">02778987X</subfield>
            <subfield code="x">Thèmes, motifs</subfield>
            <subfield code="2">rameau</subfield>
          </datafield>
          <datafield tag="606" ind1="1" ind2=" ">
            <subfield code="3">027328708</subfield>
            <subfield code="a">Littérature médiévale</subfield>
            <subfield code="3">02778987X</subfield>
            <subfield code="x">Thèmes, motifs</subfield>
            <subfield code="2">rameau</subfield>
          </datafield>
          <datafield tag="676" ind1=" " ind2=" ">
            <subfield code="a">809</subfield>
            <subfield code="v">21</subfield>
          </datafield>
          <datafield tag="680" ind1=" " ind2=" ">
            <subfield code="a">PN687</subfield>
          </datafield>
          <datafield tag="700" ind1=" " ind2="1">
            <subfield code="3">068861389</subfield>
            <subfield code="a">Messerli</subfield>
            <subfield code="b">Sylviane</subfield>
            <subfield code="4">070</subfield>
          </datafield>
          <datafield tag="801" ind1=" " ind2="3">
            <subfield code="a">FR</subfield>
            <subfield code="b">Abes</subfield>
            <subfield code="c">20050630</subfield>
            <subfield code="g">AFNOR</subfield>
          </datafield>
          <datafield tag="930" ind1=" " ind2=" ">
            <subfield code="5">130012101:173351166</subfield>
            <subfield code="b">130012101</subfield>
            <subfield code="l">681729</subfield>
            <subfield code="a">XA 9310</subfield>
            <subfield code="j">u</subfield>
          </datafield>
          <datafield tag="915" ind1=" " ind2=" ">
            <subfield code="5">490072106:170184587</subfield>
            <subfield code="b">32223004891099</subfield>
          </datafield>
          <datafield tag="930" ind1=" " ind2=" ">
            <subfield code="5">490072106:170184587</subfield>
            <subfield code="b">490072106</subfield>
            <subfield code="j">s</subfield>
          </datafield>
          <datafield tag="915" ind1=" " ind2=" ">
            <subfield code="5">972332101:195462904</subfield>
            <subfield code="a">92076</subfield>
            <subfield code="b">0621145984</subfield>
          </datafield>
          <datafield tag="930" ind1=" " ind2=" ">
            <subfield code="5">972332101:195462904</subfield>
            <subfield code="b">972332101</subfield>
            <subfield code="a">809.9 MES</subfield>
            <subfield code="j">u</subfield>
          </datafield>
          <datafield tag="915" ind1=" " ind2=" ">
            <subfield code="5">620412103:198783817</subfield>
            <subfield code="b">1665730510</subfield>
          </datafield>
          <datafield tag="930" ind1=" " ind2=" ">
            <subfield code="5">620412103:198783817</subfield>
            <subfield code="b">620412103</subfield>
            <subfield code="a">809.933 51 MES</subfield>
            <subfield code="j">u</subfield>
          </datafield>
          <datafield tag="915" ind1=" " ind2=" ">
            <subfield code="5">840072101:168181223</subfield>
            <subfield code="b">0211800791</subfield>
          </datafield>
          <datafield tag="930" ind1=" " ind2=" ">
            <subfield code="5">840072101:168181223</subfield>
            <subfield code="b">840072101</subfield>
            <subfield code="c">Libre-accès</subfield>
            <subfield code="a">809.032 MES</subfield>
            <subfield code="j">u</subfield>
          </datafield>
          <datafield tag="992" ind1=" " ind2=" ">
            <subfield code="5">840072101:168181223</subfield>
            <subfield code="a">809.032</subfield>
            <subfield code="2">cdd</subfield>
          </datafield>
          <datafield tag="915" ind1=" " ind2=" ">
            <subfield code="5">250562101:169222675</subfield>
            <subfield code="b">1144979654</subfield>
          </datafield>
          <datafield tag="930" ind1=" " ind2=" ">
            <subfield code="5">250562101:169222675</subfield>
            <subfield code="b">250562101</subfield>
            <subfield code="a">676661</subfield>
            <subfield code="j">u</subfield>
          </datafield>
          <datafield tag="930" ind1=" " ind2=" ">
            <subfield code="5">335222103:172034183</subfield>
            <subfield code="b">335222103</subfield>
            <subfield code="a">XA 82"04/14"(091) MES</subfield>
            <subfield code="j">u</subfield>
          </datafield>
          <datafield tag="930" ind1=" " ind2=" ">
            <subfield code="5">290192101:169388247</subfield>
            <subfield code="b">290192101</subfield>
            <subfield code="l">390917</subfield>
            <subfield code="e">BRUL</subfield>
            <subfield code="a">809.32 MES</subfield>
            <subfield code="j">u</subfield>
          </datafield>
          <datafield tag="915" ind1=" " ind2=" ">
            <subfield code="5">141182101:170602699</subfield>
            <subfield code="a">546321</subfield>
            <subfield code="b">0063087923</subfield>
          </datafield>
          <datafield tag="917" ind1=" " ind2=" ">
            <subfield code="5">141182101:170602699</subfield>
            <subfield code="a">aaau</subfield>
          </datafield>
          <datafield tag="930" ind1=" " ind2=" ">
            <subfield code="5">141182101:170602699</subfield>
            <subfield code="b">141182101</subfield>
            <subfield code="c">BUDL</subfield>
            <subfield code="d">BUDL</subfield>
            <subfield code="l">MAG</subfield>
            <subfield code="a">546321</subfield>
            <subfield code="j">u</subfield>
          </datafield>
          <datafield tag="930" ind1=" " ind2=" ">
            <subfield code="5">631132101:171967437</subfield>
            <subfield code="b">631132101</subfield>
            <subfield code="j">u</subfield>
          </datafield>
          <datafield tag="930" ind1=" " ind2=" ">
            <subfield code="5">200962101:172110343</subfield>
            <subfield code="b">200962101</subfield>
            <subfield code="a">809.4 MES 51637</subfield>
            <subfield code="j">u</subfield>
          </datafield>
          <datafield tag="930" ind1=" " ind2=" ">
            <subfield code="5">212312101:170905675</subfield>
            <subfield code="b">212312101</subfield>
            <subfield code="a">841.1 MES S*BU/DL</subfield>
            <subfield code="j">u</subfield>
          </datafield>
          <datafield tag="915" ind1=" " ind2=" ">
            <subfield code="5">384212101:169911691</subfield>
            <subfield code="a">XE71/64</subfield>
          </datafield>
          <datafield tag="930" ind1=" " ind2=" ">
            <subfield code="5">384212101:169911691</subfield>
            <subfield code="b">384212101</subfield>
            <subfield code="a">843.1 MESS</subfield>
            <subfield code="j">u</subfield>
          </datafield>
          <datafield tag="915" ind1=" " ind2=" ">
            <subfield code="5">763512101:16956004X</subfield>
            <subfield code="b">3504061545</subfield>
          </datafield>
          <datafield tag="930" ind1=" " ind2=" ">
            <subfield code="5">763512101:16956004X</subfield>
            <subfield code="b">763512101</subfield>
            <subfield code="a">PQ151 MES</subfield>
            <subfield code="j">u</subfield>
          </datafield>
          <datafield tag="999" ind1=" " ind2=" ">
            <subfield code="5">763512101:16956004X</subfield>
            <subfield code="a">MONPN</subfield>
            <subfield code="b">4LET</subfield>
          </datafield>
          <datafield tag="930" ind1=" " ind2=" ">
            <subfield code="5">693872102:169568520</subfield>
            <subfield code="b">693872102</subfield>
            <subfield code="j">u</subfield>
          </datafield>
          <datafield tag="915" ind1=" " ind2=" ">
            <subfield code="5">693872101:168426420</subfield>
            <subfield code="b">20077615</subfield>
          </datafield>
          <datafield tag="930" ind1=" " ind2=" ">
            <subfield code="5">693872101:168426420</subfield>
            <subfield code="b">693872101</subfield>
            <subfield code="a">809.02 MES</subfield>
            <subfield code="j">u</subfield>
          </datafield>
          <datafield tag="915" ind1=" " ind2=" ">
            <subfield code="5">693872305:169369447</subfield>
            <subfield code="b">107510</subfield>
          </datafield>
          <datafield tag="930" ind1=" " ind2=" ">
            <subfield code="5">693872305:169369447</subfield>
            <subfield code="b">693872305</subfield>
            <subfield code="a">843.109 MES o</subfield>
            <subfield code="j">s</subfield>
          </datafield>
          <datafield tag="915" ind1=" " ind2=" ">
            <subfield code="5">574632105:169692639</subfield>
            <subfield code="a">31562L</subfield>
            <subfield code="b">0314702986</subfield>
          </datafield>
          <datafield tag="930" ind1=" " ind2=" ">
            <subfield code="5">574632105:169692639</subfield>
            <subfield code="b">574632105</subfield>
            <subfield code="c">L</subfield>
            <subfield code="d">LL</subfield>
            <subfield code="a">809.935 1 MES</subfield>
            <subfield code="j">u</subfield>
          </datafield>
          <datafield tag="992" ind1=" " ind2=" ">
            <subfield code="5">574632105:169692639</subfield>
            <subfield code="a">809.935 1</subfield>
          </datafield>
          <datafield tag="930" ind1=" " ind2=" ">
            <subfield code="5">341722103:248589504</subfield>
            <subfield code="b">341722103</subfield>
            <subfield code="a">XA 276-64</subfield>
            <subfield code="j">u</subfield>
          </datafield>
          <datafield tag="915" ind1=" " ind2=" ">
            <subfield code="5">682242101:177336145</subfield>
            <subfield code="a">T/58916</subfield>
            <subfield code="b">0341127324</subfield>
          </datafield>
          <datafield tag="930" ind1=" " ind2=" ">
            <subfield code="5">682242101:177336145</subfield>
            <subfield code="b">682242101</subfield>
            <subfield code="a">82.091 MES</subfield>
            <subfield code="j">u</subfield>
          </datafield>
          <datafield tag="915" ind1=" " ind2=" ">
            <subfield code="5">543952210:170609545</subfield>
            <subfield code="a">LF4751</subfield>
            <subfield code="b">1500181518</subfield>
          </datafield>
          <datafield tag="930" ind1=" " ind2=" ">
            <subfield code="5">543952210:170609545</subfield>
            <subfield code="b">543952210</subfield>
            <subfield code="c">INSLET</subfield>
            <subfield code="d">[LF]</subfield>
            <subfield code="a">MA GEN 312</subfield>
            <subfield code="j">u</subfield>
          </datafield>
          <datafield tag="915" ind1=" " ind2=" ">
            <subfield code="5">543952103:171380800</subfield>
            <subfield code="a">0XA 10376</subfield>
            <subfield code="b">0541802078</subfield>
          </datafield>
          <datafield tag="930" ind1=" " ind2=" ">
            <subfield code="5">543952103:171380800</subfield>
            <subfield code="b">543952103</subfield>
            <subfield code="c">E1</subfield>
            <subfield code="a">82.091</subfield>
            <subfield code="j">u</subfield>
          </datafield>
          <datafield tag="930" ind1=" " ind2=" ">
            <subfield code="5">441092102:169194213</subfield>
            <subfield code="b">441092102</subfield>
            <subfield code="l">503761</subfield>
            <subfield code="a">XD 407055</subfield>
            <subfield code="j">u</subfield>
          </datafield>
          <datafield tag="930" ind1=" " ind2=" ">
            <subfield code="5">441092209:215510046</subfield>
            <subfield code="b">441092209</subfield>
            <subfield code="a">MAG MES 15324 US</subfield>
            <subfield code="j">g</subfield>
          </datafield>
          <datafield tag="915" ind1=" " ind2=" ">
            <subfield code="5">060882104:168154943</subfield>
            <subfield code="a">22443-31-A</subfield>
            <subfield code="b">0922071615</subfield>
          </datafield>
          <datafield tag="917" ind1=" " ind2=" ">
            <subfield code="5">060882104:168154943</subfield>
            <subfield code="a">aaac</subfield>
          </datafield>
          <datafield tag="930" ind1=" " ind2=" ">
            <subfield code="5">060882104:168154943</subfield>
            <subfield code="b">060882104</subfield>
            <subfield code="c">BU-LET</subfield>
            <subfield code="d">SL2</subfield>
            <subfield code="a">PN 687 MES</subfield>
            <subfield code="j">u</subfield>
          </datafield>
          <datafield tag="930" ind1=" " ind2=" ">
            <subfield code="5">452342103:168619334</subfield>
            <subfield code="b">452342103</subfield>
            <subfield code="a">L 02-2808</subfield>
            <subfield code="j">u</subfield>
          </datafield>
          <datafield tag="930" ind1=" " ind2=" ">
            <subfield code="5">644452202:168782448</subfield>
            <subfield code="b">644452202</subfield>
            <subfield code="a">840 (09) "14" MES</subfield>
            <subfield code="j">s</subfield>
          </datafield>
          <datafield tag="930" ind1=" " ind2=" ">
            <subfield code="5">644452101:172706092</subfield>
            <subfield code="b">644452101</subfield>
            <subfield code="a">UL 64143</subfield>
            <subfield code="j">u</subfield>
          </datafield>
          <datafield tag="915" ind1=" " ind2=" ">
            <subfield code="5">661362102:172127904</subfield>
            <subfield code="b">0PEL0166737</subfield>
          </datafield>
          <datafield tag="930" ind1=" " ind2=" ">
            <subfield code="5">661362102:172127904</subfield>
            <subfield code="b">661362102</subfield>
            <subfield code="a">LM 840.02 MES</subfield>
            <subfield code="j">u</subfield>
          </datafield>
          <datafield tag="999" ind1=" " ind2=" ">
            <subfield code="5">661362102:172127904</subfield>
            <subfield code="f">CXR</subfield>
          </datafield>
          <datafield tag="930" ind1=" " ind2=" ">
            <subfield code="5">861942101:168722925</subfield>
            <subfield code="b">861942101</subfield>
            <subfield code="c">Magasins</subfield>
            <subfield code="a">F 135918</subfield>
            <subfield code="j">u</subfield>
          </datafield>
          <datafield tag="915" ind1=" " ind2=" ">
            <subfield code="5">352382101:170225720</subfield>
            <subfield code="a">0285276684</subfield>
            <subfield code="b">0285276684</subfield>
          </datafield>
          <datafield tag="917" ind1=" " ind2=" ">
            <subfield code="5">352382101:170225720</subfield>
            <subfield code="a">aaaa</subfield>
          </datafield>
          <datafield tag="930" ind1=" " ind2=" ">
            <subfield code="5">352382101:170225720</subfield>
            <subfield code="b">352382101</subfield>
            <subfield code="a">XA 809.9/654</subfield>
            <subfield code="j">u</subfield>
          </datafield>
          <datafield tag="915" ind1=" " ind2=" ">
            <subfield code="5">764512101:171612051</subfield>
            <subfield code="b">2000062401</subfield>
          </datafield>
          <datafield tag="930" ind1=" " ind2=" ">
            <subfield code="5">764512101:171612051</subfield>
            <subfield code="b">764512101</subfield>
            <subfield code="a">XD20202</subfield>
            <subfield code="j">u</subfield>
          </datafield>
          <datafield tag="930" ind1=" " ind2=" ">
            <subfield code="5">422182101:178421081</subfield>
            <subfield code="b">422182101</subfield>
            <subfield code="j">u</subfield>
          </datafield>
          <datafield tag="930" ind1=" " ind2=" ">
            <subfield code="5">674821001:169773396</subfield>
            <subfield code="b">674821001</subfield>
            <subfield code="a">CD.501.421,64</subfield>
            <subfield code="j">u</subfield>
          </datafield>
          <datafield tag="990" ind1=" " ind2=" ">
            <subfield code="5">674821001:169773396</subfield>
            <subfield code="0">FBFL</subfield>
          </datafield>
          <datafield tag="915" ind1=" " ind2=" ">
            <subfield code="5">674822118:167975803</subfield>
            <subfield code="b">1270583381</subfield>
          </datafield>
          <datafield tag="930" ind1=" " ind2=" ">
            <subfield code="5">674822118:167975803</subfield>
            <subfield code="b">674822118</subfield>
            <subfield code="a">840.9 001/MESS</subfield>
            <subfield code="j">g</subfield>
          </datafield>
          <datafield tag="930" ind1=" " ind2=" ">
            <subfield code="5">315552102:168732483</subfield>
            <subfield code="b">315552102</subfield>
            <subfield code="a">809.02 MES</subfield>
            <subfield code="j">g</subfield>
          </datafield>
          <datafield tag="915" ind1=" " ind2=" ">
            <subfield code="5">372612102:187103445</subfield>
            <subfield code="a">XA 10448</subfield>
            <subfield code="b">0912089300</subfield>
          </datafield>
          <datafield tag="930" ind1=" " ind2=" ">
            <subfield code="5">372612102:187103445</subfield>
            <subfield code="b">372612102</subfield>
            <subfield code="c">BU-LET</subfield>
            <subfield code="d">SAL-L1</subfield>
            <subfield code="a">809.02 MES</subfield>
            <subfield code="j">u</subfield>
          </datafield>
          <datafield tag="915" ind1=" " ind2=" ">
            <subfield code="5">596062101:16906719X</subfield>
            <subfield code="b">3002400512216</subfield>
          </datafield>
          <datafield tag="917" ind1=" " ind2=" ">
            <subfield code="5">596062101:16906719X</subfield>
            <subfield code="a">aaac</subfield>
          </datafield>
          <datafield tag="930" ind1=" " ind2=" ">
            <subfield code="5">596062101:16906719X</subfield>
            <subfield code="b">596062101</subfield>
            <subfield code="d">MHOUY</subfield>
            <subfield code="l">SDLLP</subfield>
            <subfield code="a">PN 687 MES</subfield>
            <subfield code="j">u</subfield>
          </datafield>
          <datafield tag="930" ind1=" " ind2=" ">
            <subfield code="5">751052102:169086348</subfield>
            <subfield code="b">751052102</subfield>
            <subfield code="a">82.01 MES</subfield>
            <subfield code="j">u</subfield>
          </datafield>
          <datafield tag="930" ind1=" " ind2=" ">
            <subfield code="5">751082101:171305442</subfield>
            <subfield code="b">751082101</subfield>
            <subfield code="a">QLE 432</subfield>
            <subfield code="j">u</subfield>
          </datafield>
          <datafield tag="930" ind1=" " ind2=" ">
            <subfield code="5">920502102:16816535X</subfield>
            <subfield code="b">920502102</subfield>
            <subfield code="a">840.09-3"08/14" MES</subfield>
            <subfield code="j">u</subfield>
          </datafield>
          <datafield tag="915" ind1=" " ind2=" ">
            <subfield code="5">940282102:270331131</subfield>
            <subfield code="b">5200031255</subfield>
          </datafield>
          <datafield tag="930" ind1=" " ind2=" ">
            <subfield code="5">940282102:270331131</subfield>
            <subfield code="b">940282102</subfield>
            <subfield code="a">81.04 MES</subfield>
            <subfield code="j">u</subfield>
          </datafield>
          <datafield tag="991" ind1=" " ind2=" ">
            <subfield code="5">940282102:270331131</subfield>
            <subfield code="a">Exemplaire créé automatiquement par l'ABES</subfield>
          </datafield>
          <datafield tag="915" ind1=" " ind2=" ">
            <subfield code="5">751052105:169457362</subfield>
            <subfield code="a">a/459470</subfield>
            <subfield code="b">1154040361</subfield>
          </datafield>
          <datafield tag="917" ind1=" " ind2=" ">
            <subfield code="5">751052105:169457362</subfield>
            <subfield code="a">aaaa</subfield>
          </datafield>
          <datafield tag="930" ind1=" " ind2=" ">
            <subfield code="5">751052105:169457362</subfield>
            <subfield code="b">751052105</subfield>
            <subfield code="c">Salle de lecture</subfield>
            <subfield code="d">Communication indirecte</subfield>
            <subfield code="a">M 8= 30005</subfield>
            <subfield code="j">u</subfield>
          </datafield>
          <datafield tag="999" ind1=" " ind2=" ">
            <subfield code="5">751052105:169457362</subfield>
            <subfield code="a">may</subfield>
            <subfield code="b">DSS2</subfield>
          </datafield>
          <datafield tag="915" ind1=" " ind2=" ">
            <subfield code="5">751052105:176269703</subfield>
            <subfield code="a">a/460610</subfield>
            <subfield code="b">1153806463</subfield>
          </datafield>
          <datafield tag="917" ind1=" " ind2=" ">
            <subfield code="5">751052105:176269703</subfield>
            <subfield code="a">aaaa</subfield>
          </datafield>
          <datafield tag="930" ind1=" " ind2=" ">
            <subfield code="5">751052105:176269703</subfield>
            <subfield code="b">751052105</subfield>
            <subfield code="c">Salle de lecture</subfield>
            <subfield code="d">Communication indirecte</subfield>
            <subfield code="a">M 8= 33539</subfield>
            <subfield code="j">u</subfield>
          </datafield>
          <datafield tag="999" ind1=" " ind2=" ">
            <subfield code="5">751052105:176269703</subfield>
            <subfield code="a">nr</subfield>
            <subfield code="b">DSS2</subfield>
          </datafield>
          <datafield tag="915" ind1=" " ind2=" ">
            <subfield code="5">751052116:171030133</subfield>
            <subfield code="a">B10755718</subfield>
            <subfield code="b">9106743284</subfield>
          </datafield>
          <datafield tag="917" ind1=" " ind2=" ">
            <subfield code="5">751052116:171030133</subfield>
            <subfield code="a">aaba</subfield>
          </datafield>
          <datafield tag="930" ind1=" " ind2=" ">
            <subfield code="5">751052116:171030133</subfield>
            <subfield code="b">751052116</subfield>
            <subfield code="a">8 Y SUP 83189</subfield>
            <subfield code="j">s</subfield>
          </datafield>
          <datafield tag="915" ind1=" " ind2=" ">
            <subfield code="5">751063002:184169739</subfield>
            <subfield code="a">163295A</subfield>
            <subfield code="b">000014226</subfield>
          </datafield>
          <datafield tag="930" ind1=" " ind2=" ">
            <subfield code="5">751063002:184169739</subfield>
            <subfield code="b">751063002</subfield>
            <subfield code="a">8°S 526-64</subfield>
            <subfield code="j">b</subfield>
          </datafield>
          <datafield tag="915" ind1=" " ind2=" ">
            <subfield code="5">751052319:227233832</subfield>
            <subfield code="b">00000005069941</subfield>
          </datafield>
          <datafield tag="917" ind1=" " ind2=" ">
            <subfield code="5">751052319:227233832</subfield>
            <subfield code="a">cubu</subfield>
          </datafield>
          <datafield tag="930" ind1=" " ind2=" ">
            <subfield code="5">751052319:227233832</subfield>
            <subfield code="b">751052319</subfield>
            <subfield code="j">s</subfield>
            <subfield code="a">8O1749(64)</subfield>
            <subfield code="j">s</subfield>
          </datafield>
        </record>
      </recordData>
      <recordPosition>43</recordPosition>
    </record>