
    <record>
      <recordSchema>dc</recordSchema>
      <recordPacking>xml</recordPacking>
      <recordData>
        <record xsi:schemaLocation="http://www.loc.gov/MARC21/slim http://www.loc.gov/standards/marcxml/schema/MARC21slim.xsd" xmlns="http://www.loc.gov/MARC21/slim" xmlns:xsi="http://www.w3.org/2001/XMLSchema-instance">
          <leader>02057cam0 2200505   4500</leader>
          <controlfield tag="001">067691501</controlfield>
          <controlfield tag="005">20040318110617.000</controlfield>
          <datafield tag="010" ind1=" " ind2=" ">
            <subfield code="a">2-253-15286-2</subfield>
          </datafield>
          <datafield tag="035" ind1=" " ind2=" ">
            <subfield code="5">951272104</subfield>
            <subfield code="a">01-0149563</subfield>
          </datafield>
          <datafield tag="100" ind1=" " ind2=" ">
            <subfield code="a">20021015d2002    m  y0frey0103    ba</subfield>
          </datafield>
          <datafield tag="101" ind1="0" ind2=" ">
            <subfield code="a">fre</subfield>
          </datafield>
          <datafield tag="102" ind1=" " ind2=" ">
            <subfield code="a">FR</subfield>
          </datafield>
          <datafield tag="105" ind1=" " ind2=" ">
            <subfield code="a">y   z   000zy</subfield>
          </datafield>
          <datafield tag="106" ind1=" " ind2=" ">
            <subfield code="a">r</subfield>
          </datafield>
          <datafield tag="200" ind1="1" ind2=" ">
            <subfield code="a">Oedipe toi-même !</subfield>
            <subfield code="b">Texte imprimé</subfield>
            <subfield code="e">consultations d'un pédopsychiatre</subfield>
            <subfield code="f">Professeur Marcel Rufo</subfield>
          </datafield>
          <datafield tag="210" ind1=" " ind2=" ">
            <subfield code="a">Paris</subfield>
            <subfield code="c">Librairie générale française</subfield>
            <subfield code="d">2002</subfield>
          </datafield>
          <datafield tag="215" ind1=" " ind2=" ">
            <subfield code="a">190 p.</subfield>
            <subfield code="d">18 cm</subfield>
          </datafield>
          <datafield tag="225" ind1="2" ind2=" ">
            <subfield code="a">&lt;?char 136 ?&gt;Le &lt;?char 137 ?&gt;Livre de poche</subfield>
            <subfield code="v">15286</subfield>
          </datafield>
          <datafield tag="410" ind1=" " ind2=" ">
            <subfield code="0">00101790X</subfield>
            <subfield code="t">&lt;?char 136 ?&gt;Le &lt;?char 137 ?&gt;Livre de poche</subfield>
            <subfield code="x">0248-3653</subfield>
            <subfield code="v">15286</subfield>
          </datafield>
          <datafield tag="606" ind1="1" ind2=" ">
            <subfield code="3">027223825</subfield>
            <subfield code="a">Enfants</subfield>
            <subfield code="x">Psychanalyse</subfield>
            <subfield code="3">027588505</subfield>
            <subfield code="x">Cas, Études de</subfield>
            <subfield code="2">rameau</subfield>
          </datafield>
          <datafield tag="606" ind1="1" ind2=" ">
            <subfield code="3">027328058</subfield>
            <subfield code="a">Enfants</subfield>
            <subfield code="x">Psychopathologie</subfield>
            <subfield code="2">rameau</subfield>
          </datafield>
          <datafield tag="606" ind1="1" ind2=" ">
            <subfield code="3">028214862</subfield>
            <subfield code="a">Adolescents</subfield>
            <subfield code="x">Psychopathologie</subfield>
            <subfield code="2">rameau</subfield>
          </datafield>
          <datafield tag="606" ind1="1" ind2=" ">
            <subfield code="3">027675785</subfield>
            <subfield code="a">Adolescents</subfield>
            <subfield code="x">Psychanalyse</subfield>
            <subfield code="3">027588505</subfield>
            <subfield code="x">Cas, Études de</subfield>
            <subfield code="2">rameau</subfield>
          </datafield>
          <datafield tag="606" ind1="1" ind2=" ">
            <subfield code="3">027362116</subfield>
            <subfield code="a">Psychiatrie</subfield>
            <subfield code="3">027792110</subfield>
            <subfield code="x">Pratique</subfield>
            <subfield code="2">rameau</subfield>
          </datafield>
          <datafield tag="606" ind1="1" ind2=" ">
            <subfield code="3">027852660</subfield>
            <subfield code="a">Entretiens (psychiatrie)</subfield>
            <subfield code="2">rameau</subfield>
          </datafield>
          <datafield tag="606" ind1="1" ind2=" ">
            <subfield code="3">040680487</subfield>
            <subfield code="a">Psychiatrie enfant</subfield>
            <subfield code="2">fmesh</subfield>
          </datafield>
          <datafield tag="675" ind1=" " ind2=" ">
            <subfield code="a">1</subfield>
            <subfield code="v">Éd. 1967</subfield>
          </datafield>
          <datafield tag="676" ind1=" " ind2=" ">
            <subfield code="a">155.4</subfield>
            <subfield code="v">21</subfield>
          </datafield>
          <datafield tag="676" ind1=" " ind2=" ">
            <subfield code="a">618.928 9</subfield>
            <subfield code="v">21</subfield>
          </datafield>
          <datafield tag="700" ind1=" " ind2="1">
            <subfield code="3">029743508</subfield>
            <subfield code="a">Rufo</subfield>
            <subfield code="b">Marcel</subfield>
            <subfield code="f">1944-....</subfield>
            <subfield code="4">070</subfield>
          </datafield>
          <datafield tag="801" ind1=" " ind2="3">
            <subfield code="a">FR</subfield>
            <subfield code="b">Abes</subfield>
            <subfield code="c">20040318</subfield>
            <subfield code="g">AFNOR</subfield>
          </datafield>
          <datafield tag="930" ind1=" " ind2=" ">
            <subfield code="5">951272104:199374112</subfield>
            <subfield code="b">951272104</subfield>
            <subfield code="a">155.4 RUF</subfield>
            <subfield code="j">u</subfield>
          </datafield>
          <datafield tag="915" ind1=" " ind2=" ">
            <subfield code="5">590092101:192317601</subfield>
            <subfield code="a">SA 42771</subfield>
            <subfield code="b">0216487430</subfield>
          </datafield>
          <datafield tag="917" ind1=" " ind2=" ">
            <subfield code="5">590092101:192317601</subfield>
            <subfield code="a">aaax</subfield>
          </datafield>
          <datafield tag="930" ind1=" " ind2=" ">
            <subfield code="5">590092101:192317601</subfield>
            <subfield code="b">590092101</subfield>
            <subfield code="a">155.4 RUF</subfield>
            <subfield code="j">u</subfield>
          </datafield>
          <datafield tag="999" ind1=" " ind2=" ">
            <subfield code="5">590092101:192317601</subfield>
            <subfield code="a">0LIA</subfield>
            <subfield code="b">0PSY</subfield>
          </datafield>
          <datafield tag="930" ind1=" " ind2=" ">
            <subfield code="5">690292101:167397680</subfield>
            <subfield code="b">690292101</subfield>
            <subfield code="j">u</subfield>
          </datafield>
          <datafield tag="930" ind1=" " ind2=" ">
            <subfield code="5">301892101:172749220</subfield>
            <subfield code="b">301892101</subfield>
            <subfield code="a">WS350 RUF</subfield>
            <subfield code="j">u</subfield>
          </datafield>
          <datafield tag="915" ind1=" " ind2=" ">
            <subfield code="5">764512101:165693428</subfield>
            <subfield code="a">S17080</subfield>
            <subfield code="b">2000049953</subfield>
          </datafield>
          <datafield tag="930" ind1=" " ind2=" ">
            <subfield code="5">764512101:165693428</subfield>
            <subfield code="b">764512101</subfield>
            <subfield code="a">159.922.7 RUF</subfield>
            <subfield code="j">u</subfield>
          </datafield>
          <datafield tag="915" ind1=" " ind2=" ">
            <subfield code="5">930082101:185122760</subfield>
            <subfield code="b">0760737326</subfield>
          </datafield>
          <datafield tag="930" ind1=" " ind2=" ">
            <subfield code="5">930082101:185122760</subfield>
            <subfield code="b">930082101</subfield>
            <subfield code="a">WS 350 RUF</subfield>
            <subfield code="j">u</subfield>
          </datafield>
          <datafield tag="915" ind1=" " ind2=" ">
            <subfield code="5">751142102:193358603</subfield>
            <subfield code="a">68113</subfield>
            <subfield code="b">3310071659</subfield>
          </datafield>
          <datafield tag="930" ind1=" " ind2=" ">
            <subfield code="5">751142102:193358603</subfield>
            <subfield code="b">751142102</subfield>
            <subfield code="c">BCU</subfield>
            <subfield code="d">MAG</subfield>
            <subfield code="e">2000</subfield>
            <subfield code="a">P 25037</subfield>
            <subfield code="j">u</subfield>
          </datafield>
          <datafield tag="930" ind1=" " ind2=" ">
            <subfield code="5">692662301:167937790</subfield>
            <subfield code="b">692662301</subfield>
            <subfield code="a">HU</subfield>
            <subfield code="j">g</subfield>
          </datafield>
        </record>
      </recordData>
      <recordPosition>44</recordPosition>
    </record>