
    <record>
      <recordSchema>dc</recordSchema>
      <recordPacking>xml</recordPacking>
      <recordData>
        <record xsi:schemaLocation="http://www.loc.gov/MARC21/slim http://www.loc.gov/standards/marcxml/schema/MARC21slim.xsd" xmlns="http://www.loc.gov/MARC21/slim" xmlns:xsi="http://www.w3.org/2001/XMLSchema-instance">
          <leader>01050cam0 2200313   4500</leader>
          <controlfield tag="001">06731516X</controlfield>
          <controlfield tag="005">20030418090757.000</controlfield>
          <datafield tag="010" ind1=" " ind2=" ">
            <subfield code="a">2-7298-0886-8</subfield>
            <subfield code="b">br.</subfield>
          </datafield>
          <datafield tag="035" ind1=" " ind2=" ">
            <subfield code="5">301892102</subfield>
            <subfield code="a">alp389767</subfield>
          </datafield>
          <datafield tag="100" ind1=" " ind2=" ">
            <subfield code="a">20021004d2002    ||||0frey0103    ba</subfield>
          </datafield>
          <datafield tag="101" ind1="0" ind2=" ">
            <subfield code="a">fre</subfield>
          </datafield>
          <datafield tag="102" ind1=" " ind2=" ">
            <subfield code="a">FR</subfield>
          </datafield>
          <datafield tag="105" ind1=" " ind2=" ">
            <subfield code="a">y   |||||||||</subfield>
          </datafield>
          <datafield tag="200" ind1="1" ind2=" ">
            <subfield code="a">Sophocle</subfield>
            <subfield code="e">Oedipe-Roi, Antigone</subfield>
            <subfield code="f">Isabelle Boehm</subfield>
            <subfield code="g">Michel Tichit</subfield>
          </datafield>
          <datafield tag="210" ind1=" " ind2=" ">
            <subfield code="a">Paris</subfield>
            <subfield code="c">Ellipses Edition Marketing</subfield>
            <subfield code="d">2002</subfield>
            <subfield code="e">Poitiers</subfield>
            <subfield code="g">Aubier</subfield>
          </datafield>
          <datafield tag="215" ind1=" " ind2=" ">
            <subfield code="a">89 p.</subfield>
            <subfield code="d">19 cm</subfield>
          </datafield>
          <datafield tag="225" ind1="1" ind2=" ">
            <subfield code="a">40/4</subfield>
          </datafield>
          <datafield tag="320" ind1=" " ind2=" ">
            <subfield code="a">Bibliogr. [p.91]</subfield>
          </datafield>
          <datafield tag="410" ind1=" " ind2=" ">
            <subfield code="0">040502244</subfield>
            <subfield code="t">40/4 (Paris)</subfield>
            <subfield code="x">1274-9583</subfield>
          </datafield>
          <datafield tag="600" ind1=" " ind2="0">
            <subfield code="3">027143619</subfield>
            <subfield code="a">Sophocle</subfield>
            <subfield code="3">027143619</subfield>
            <subfield code="f">0496?-0406 av. J.-C.</subfield>
            <subfield code="2">rameau</subfield>
          </datafield>
          <datafield tag="605" ind1=" " ind2=" ">
            <subfield code="3">030706777</subfield>
            <subfield code="a">Oedipe roi</subfield>
            <subfield code="2">rameau</subfield>
          </datafield>
          <datafield tag="605" ind1=" " ind2=" ">
            <subfield code="3">028200802</subfield>
            <subfield code="a">Antigone</subfield>
            <subfield code="2">rameau</subfield>
          </datafield>
          <datafield tag="676" ind1=" " ind2=" ">
            <subfield code="a">882</subfield>
          </datafield>
          <datafield tag="700" ind1=" " ind2="1">
            <subfield code="a">Boehm</subfield>
            <subfield code="b">Isabelle</subfield>
            <subfield code="4">070</subfield>
          </datafield>
          <datafield tag="701" ind1=" " ind2="1">
            <subfield code="3">032807171</subfield>
            <subfield code="a">Tichit</subfield>
            <subfield code="b">Michel</subfield>
          </datafield>
          <datafield tag="801" ind1=" " ind2="3">
            <subfield code="a">FR</subfield>
            <subfield code="b">Abes</subfield>
            <subfield code="c">20030418</subfield>
            <subfield code="g">AFNOR</subfield>
          </datafield>
          <datafield tag="930" ind1=" " ind2=" ">
            <subfield code="5">301892102:164897941</subfield>
            <subfield code="b">301892102</subfield>
            <subfield code="a">882 SOP B</subfield>
            <subfield code="j">u</subfield>
          </datafield>
          <datafield tag="930" ind1=" " ind2=" ">
            <subfield code="5">341722103:174300484</subfield>
            <subfield code="b">341722103</subfield>
            <subfield code="a">875 SOP 5 B</subfield>
            <subfield code="j">u</subfield>
          </datafield>
          <datafield tag="930" ind1=" " ind2=" ">
            <subfield code="5">751082101:168856433</subfield>
            <subfield code="b">751082101</subfield>
            <subfield code="a">LE 9316</subfield>
            <subfield code="j">u</subfield>
          </datafield>
        </record>
      </recordData>
      <recordPosition>45</recordPosition>
    </record>