
    <record>
      <recordSchema>dc</recordSchema>
      <recordPacking>xml</recordPacking>
      <recordData>
        <record xsi:schemaLocation="http://www.loc.gov/MARC21/slim http://www.loc.gov/standards/marcxml/schema/MARC21slim.xsd" xmlns="http://www.loc.gov/MARC21/slim" xmlns:xsi="http://www.w3.org/2001/XMLSchema-instance">
          <leader>02182cam0 2200517   4500</leader>
          <controlfield tag="001">06346697X</controlfield>
          <controlfield tag="005">20050202102709.000</controlfield>
          <datafield tag="010" ind1=" " ind2=" ">
            <subfield code="a">2-907293-87-7</subfield>
            <subfield code="b">br.</subfield>
            <subfield code="d">11,50 EUR</subfield>
          </datafield>
          <datafield tag="035" ind1=" " ind2=" ">
            <subfield code="5">490072106</subfield>
            <subfield code="a">228920</subfield>
          </datafield>
          <datafield tag="100" ind1=" " ind2=" ">
            <subfield code="a">20020724d2002    m  y0frey0103    ba</subfield>
          </datafield>
          <datafield tag="101" ind1="0" ind2=" ">
            <subfield code="a">fre</subfield>
          </datafield>
          <datafield tag="102" ind1=" " ind2=" ">
            <subfield code="a">FR</subfield>
          </datafield>
          <datafield tag="105" ind1=" " ind2=" ">
            <subfield code="a">y   ||||000by</subfield>
          </datafield>
          <datafield tag="106" ind1=" " ind2=" ">
            <subfield code="a">r</subfield>
          </datafield>
          <datafield tag="200" ind1="1" ind2=" ">
            <subfield code="a">Oedipe</subfield>
            <subfield code="b">Texte imprimé</subfield>
            <subfield code="e">tragédie</subfield>
            <subfield code="f">Voltaire</subfield>
            <subfield code="c">Suivie de Oedipe travesti</subfield>
            <subfield code="e">parodie</subfield>
            <subfield code="f">de Dominique</subfield>
            <subfield code="g">présentées et éditées par Isabelle Degauque</subfield>
          </datafield>
          <datafield tag="210" ind1=" " ind2=" ">
            <subfield code="a">Montpellier</subfield>
            <subfield code="c">Ed. Espaces 34</subfield>
            <subfield code="d">2002</subfield>
          </datafield>
          <datafield tag="215" ind1=" " ind2=" ">
            <subfield code="a">140 p.</subfield>
            <subfield code="c">couv. ill.</subfield>
            <subfield code="d">21 cm</subfield>
          </datafield>
          <datafield tag="225" ind1="0" ind2=" ">
            <subfield code="a">Collection espace théâtre. Théâtre du XVIIIe siècle</subfield>
          </datafield>
          <datafield tag="410" ind1=" " ind2=" ">
            <subfield code="0">002395495</subfield>
            <subfield code="t">Collection Espace théâtre (Montpellier)</subfield>
            <subfield code="x">1158-9892</subfield>
          </datafield>
          <datafield tag="423" ind1=" " ind2=" ">
            <subfield code="t">Oedipe travesti</subfield>
          </datafield>
          <datafield tag="700" ind1=" " ind2="1">
            <subfield code="3">027190099</subfield>
            <subfield code="a">Voltaire</subfield>
            <subfield code="f">1694-1778</subfield>
            <subfield code="4">070</subfield>
          </datafield>
          <datafield tag="701" ind1=" " ind2="1">
            <subfield code="3">026727323</subfield>
            <subfield code="a">Biancolelli</subfield>
            <subfield code="b">Pierre-François</subfield>
            <subfield code="f">1680-1734</subfield>
            <subfield code="4">070</subfield>
          </datafield>
          <datafield tag="702" ind1=" " ind2="1">
            <subfield code="3">067637841</subfield>
            <subfield code="a">Degauque</subfield>
            <subfield code="b">Isabelle</subfield>
            <subfield code="4">340</subfield>
          </datafield>
          <datafield tag="801" ind1=" " ind2="3">
            <subfield code="a">FR</subfield>
            <subfield code="b">Abes</subfield>
            <subfield code="c">20050202</subfield>
            <subfield code="g">AFNOR</subfield>
          </datafield>
          <datafield tag="915" ind1=" " ind2=" ">
            <subfield code="5">490072106:163888558</subfield>
            <subfield code="b">32223004615068</subfield>
          </datafield>
          <datafield tag="930" ind1=" " ind2=" ">
            <subfield code="5">490072106:163888558</subfield>
            <subfield code="b">490072106</subfield>
            <subfield code="j">s</subfield>
          </datafield>
          <datafield tag="930" ind1=" " ind2=" ">
            <subfield code="5">335222103:172770114</subfield>
            <subfield code="b">335222103</subfield>
            <subfield code="a">N 840 VOL Oed</subfield>
            <subfield code="j">u</subfield>
          </datafield>
          <datafield tag="930" ind1=" " ind2=" ">
            <subfield code="5">290192101:169384330</subfield>
            <subfield code="b">290192101</subfield>
            <subfield code="l">385746</subfield>
            <subfield code="e">BRUL</subfield>
            <subfield code="a">840 VOL O</subfield>
            <subfield code="j">u</subfield>
          </datafield>
          <datafield tag="915" ind1=" " ind2=" ">
            <subfield code="5">590092101:214523330</subfield>
            <subfield code="a">BUC-8823</subfield>
          </datafield>
          <datafield tag="917" ind1=" " ind2=" ">
            <subfield code="5">590092101:214523330</subfield>
            <subfield code="a">aaax</subfield>
          </datafield>
          <datafield tag="930" ind1=" " ind2=" ">
            <subfield code="5">590092101:214523330</subfield>
            <subfield code="b">590092101</subfield>
            <subfield code="a">842.5 VOL</subfield>
            <subfield code="j">u</subfield>
          </datafield>
          <datafield tag="915" ind1=" " ind2=" ">
            <subfield code="5">590092101:22218566X</subfield>
            <subfield code="a">BUC-14796</subfield>
            <subfield code="b">0216534608</subfield>
          </datafield>
          <datafield tag="917" ind1=" " ind2=" ">
            <subfield code="5">590092101:22218566X</subfield>
            <subfield code="a">aaax</subfield>
          </datafield>
          <datafield tag="930" ind1=" " ind2=" ">
            <subfield code="5">590092101:22218566X</subfield>
            <subfield code="b">590092101</subfield>
            <subfield code="a">842.5 VOL</subfield>
            <subfield code="j">u</subfield>
          </datafield>
          <datafield tag="930" ind1=" " ind2=" ">
            <subfield code="5">441092102:199083088</subfield>
            <subfield code="b">441092102</subfield>
            <subfield code="a">842 VOL</subfield>
            <subfield code="j">u</subfield>
          </datafield>
          <datafield tag="915" ind1=" " ind2=" ">
            <subfield code="5">764512101:199127646</subfield>
            <subfield code="b">2000166090</subfield>
          </datafield>
          <datafield tag="930" ind1=" " ind2=" ">
            <subfield code="5">764512101:199127646</subfield>
            <subfield code="b">764512101</subfield>
            <subfield code="a">XD20736</subfield>
            <subfield code="j">u</subfield>
          </datafield>
          <datafield tag="915" ind1=" " ind2=" ">
            <subfield code="5">674822118:172866189</subfield>
            <subfield code="b">1270538121</subfield>
          </datafield>
          <datafield tag="930" ind1=" " ind2=" ">
            <subfield code="5">674822118:172866189</subfield>
            <subfield code="b">674822118</subfield>
            <subfield code="a">84.33/VOLT/4 oedi</subfield>
            <subfield code="j">g</subfield>
          </datafield>
          <datafield tag="915" ind1=" " ind2=" ">
            <subfield code="5">930662101:167546961</subfield>
            <subfield code="b">025357487</subfield>
          </datafield>
          <datafield tag="930" ind1=" " ind2=" ">
            <subfield code="5">930662101:167546961</subfield>
            <subfield code="b">930662101</subfield>
            <subfield code="j">u</subfield>
          </datafield>
          <datafield tag="915" ind1=" " ind2=" ">
            <subfield code="5">751052116:165572590</subfield>
            <subfield code="a">B10740262</subfield>
            <subfield code="b">9106456344</subfield>
          </datafield>
          <datafield tag="917" ind1=" " ind2=" ">
            <subfield code="5">751052116:165572590</subfield>
            <subfield code="a">aaba</subfield>
          </datafield>
          <datafield tag="930" ind1=" " ind2=" ">
            <subfield code="5">751052116:165572590</subfield>
            <subfield code="b">751052116</subfield>
            <subfield code="a">8 Y SUP 80256</subfield>
            <subfield code="j">s</subfield>
          </datafield>
          <datafield tag="915" ind1=" " ind2=" ">
            <subfield code="5">751142102:157718182</subfield>
            <subfield code="a">66214</subfield>
            <subfield code="b">3310034821</subfield>
          </datafield>
          <datafield tag="930" ind1=" " ind2=" ">
            <subfield code="5">751142102:157718182</subfield>
            <subfield code="b">751142102</subfield>
            <subfield code="c">BCU</subfield>
            <subfield code="d">MAG</subfield>
            <subfield code="e">8000</subfield>
            <subfield code="a">M 44718</subfield>
            <subfield code="j">u</subfield>
          </datafield>
        </record>
      </recordData>
      <recordPosition>46</recordPosition>
    </record>