
    <record>
      <recordSchema>dc</recordSchema>
      <recordPacking>xml</recordPacking>
      <recordData>
        <record xsi:schemaLocation="http://www.loc.gov/MARC21/slim http://www.loc.gov/standards/marcxml/schema/MARC21slim.xsd" xmlns="http://www.loc.gov/MARC21/slim" xmlns:xsi="http://www.w3.org/2001/XMLSchema-instance">
          <leader>01832nam0 2200325   4500</leader>
          <controlfield tag="001">098558315</controlfield>
          <controlfield tag="005">20060329102931.000</controlfield>
          <datafield tag="010" ind1=" " ind2=" ">
            <subfield code="a">2-13-051921-0</subfield>
            <subfield code="b">br.</subfield>
            <subfield code="d">11,50 </subfield>
          </datafield>
          <datafield tag="100" ind1=" " ind2=" ">
            <subfield code="a">20060329d2001    m  y0frey0103    ba</subfield>
          </datafield>
          <datafield tag="101" ind1="0" ind2=" ">
            <subfield code="a">fre</subfield>
          </datafield>
          <datafield tag="102" ind1=" " ind2=" ">
            <subfield code="a">FR</subfield>
          </datafield>
          <datafield tag="105" ind1=" " ind2=" ">
            <subfield code="a">y   ||||000yy</subfield>
          </datafield>
          <datafield tag="106" ind1=" " ind2=" ">
            <subfield code="a">r</subfield>
          </datafield>
          <datafield tag="200" ind1="1" ind2=" ">
            <subfield code="a">Incestes</subfield>
            <subfield code="b">Texte imprimé</subfield>
            <subfield code="f">[Jacques André, André Green, Monique Bydlowski et al.]</subfield>
            <subfield code="g">sous la direction de Jacques André</subfield>
          </datafield>
          <datafield tag="205" ind1=" " ind2=" ">
            <subfield code="a">2e édition</subfield>
          </datafield>
          <datafield tag="210" ind1=" " ind2=" ">
            <subfield code="a">Paris</subfield>
            <subfield code="c">Presses universitaires de France</subfield>
            <subfield code="d">impr. 2002</subfield>
          </datafield>
          <datafield tag="215" ind1=" " ind2=" ">
            <subfield code="a">1 vol. (148 p.)</subfield>
            <subfield code="d">19 cm</subfield>
          </datafield>
          <datafield tag="225" ind1="2" ind2=" ">
            <subfield code="a">Petite bibliothèque de psychanalyse</subfield>
            <subfield code="x">1295-1005</subfield>
          </datafield>
          <datafield tag="300" ind1=" " ind2=" ">
            <subfield code="a">Ouvrage composé à partir des interventions données dans le cadre du séminaire de Jacques André à Saint-Anne (1998-1999). Textes plus ou moins modifiés pour la publication.</subfield>
          </datafield>
          <datafield tag="327" ind1="1" ind2=" ">
            <subfield code="a">Le lit de Jocaste / Jacques André</subfield>
            <subfield code="a">La relation mère-enfant, nécessairement incestueuse / André Green</subfield>
            <subfield code="a">La question des représentations incestueuses en clinique de la filiation féminine / Monique Bydlowski</subfield>
            <subfield code="a">L'inceste est-il une notion psychanalytique? / Nathalie Zaltzman</subfield>
            <subfield code="a">Incestes : histoires et préhistoires / Monique Cournut-Janin</subfield>
            <subfield code="a">Inceste et substance. Oedipe, Allen, les autres et nous / Françoise Héritier</subfield>
            <subfield code="a">On tue un nouveau-né : réflexions sur l'énigme de l'infanticide / Annie Birraux</subfield>
          </datafield>
          <datafield tag="410" ind1=" " ind2=" ">
            <subfield code="0">048102229</subfield>
            <subfield code="t">Petite bibliothèque de psychanalyse</subfield>
            <subfield code="x">1295-1005</subfield>
          </datafield>
          <datafield tag="606" ind1="1" ind2=" ">
            <subfield code="3">027241505</subfield>
            <subfield code="a">Psychanalyse</subfield>
            <subfield code="2">rameau</subfield>
          </datafield>
          <datafield tag="606" ind1="1" ind2=" ">
            <subfield code="3">02767701X</subfield>
            <subfield code="a">Inceste</subfield>
            <subfield code="2">rameau</subfield>
          </datafield>
          <datafield tag="676" ind1=" " ind2=" ">
            <subfield code="a">155.3</subfield>
            <subfield code="v">21</subfield>
          </datafield>
          <datafield tag="700" ind1=" " ind2="1">
            <subfield code="3">085223603</subfield>
            <subfield code="a">Green</subfield>
            <subfield code="b">André</subfield>
            <subfield code="f">1927-....</subfield>
            <subfield code="4">070</subfield>
          </datafield>
          <datafield tag="701" ind1=" " ind2="1">
            <subfield code="3">034377565</subfield>
            <subfield code="a">Bydlowski</subfield>
            <subfield code="b">Monique</subfield>
            <subfield code="4">070</subfield>
          </datafield>
          <datafield tag="701" ind1=" " ind2="1">
            <subfield code="3">035665467</subfield>
            <subfield code="a">Zaltzman</subfield>
            <subfield code="b">Nathalie</subfield>
            <subfield code="4">070</subfield>
          </datafield>
          <datafield tag="702" ind1=" " ind2="1">
            <subfield code="3">028643984</subfield>
            <subfield code="a">André</subfield>
            <subfield code="b">Jacques</subfield>
            <subfield code="f">1946-....</subfield>
            <subfield code="4">651</subfield>
          </datafield>
          <datafield tag="801" ind1=" " ind2="3">
            <subfield code="a">FR</subfield>
            <subfield code="b">Abes</subfield>
            <subfield code="c">20060329</subfield>
            <subfield code="g">AFNOR</subfield>
          </datafield>
          <datafield tag="930" ind1=" " ind2=" ">
            <subfield code="5">130552104:264139844</subfield>
            <subfield code="b">130552104</subfield>
            <subfield code="l">950367</subfield>
            <subfield code="a">155.3 INC</subfield>
            <subfield code="j">u</subfield>
          </datafield>
        </record>
      </recordData>
      <recordPosition>48</recordPosition>
    </record>