
    <record>
      <recordSchema>dc</recordSchema>
      <recordPacking>xml</recordPacking>
      <recordData>
        <record xsi:schemaLocation="http://www.loc.gov/MARC21/slim http://www.loc.gov/standards/marcxml/schema/MARC21slim.xsd" xmlns="http://www.loc.gov/MARC21/slim" xmlns:xsi="http://www.w3.org/2001/XMLSchema-instance">
          <leader>01045nam0 2200265   4500</leader>
          <controlfield tag="001">081573278</controlfield>
          <controlfield tag="005">20041110120008.000</controlfield>
          <datafield tag="010" ind1=" " ind2=" ">
            <subfield code="a">2-7441-4751-6</subfield>
            <subfield code="b">rel.</subfield>
          </datafield>
          <datafield tag="100" ind1=" " ind2=" ">
            <subfield code="a">20041110d2001    m  y0frey0103    ba</subfield>
          </datafield>
          <datafield tag="101" ind1="0" ind2=" ">
            <subfield code="a">fre</subfield>
          </datafield>
          <datafield tag="102" ind1=" " ind2=" ">
            <subfield code="a">FR</subfield>
          </datafield>
          <datafield tag="105" ind1=" " ind2=" ">
            <subfield code="a">y   ||||000yy</subfield>
          </datafield>
          <datafield tag="106" ind1=" " ind2=" ">
            <subfield code="a">r</subfield>
          </datafield>
          <datafield tag="200" ind1="1" ind2=" ">
            <subfield code="a">Oedipe toi-même!</subfield>
            <subfield code="b">Texte imprimé</subfield>
            <subfield code="e">consultations d'un pédopsychiatre</subfield>
            <subfield code="f">Professeur Marcel Rufo</subfield>
          </datafield>
          <datafield tag="210" ind1=" " ind2=" ">
            <subfield code="a">Paris</subfield>
            <subfield code="c">Ed. France Loisirs</subfield>
            <subfield code="d">2001</subfield>
          </datafield>
          <datafield tag="215" ind1=" " ind2=" ">
            <subfield code="a">233 p.</subfield>
            <subfield code="c">cou. ill. en coul.</subfield>
            <subfield code="d">21 cm.</subfield>
          </datafield>
          <datafield tag="606" ind1="1" ind2=" ">
            <subfield code="3">027223825</subfield>
            <subfield code="a">Enfants</subfield>
            <subfield code="x">Psychanalyse</subfield>
            <subfield code="3">027588505</subfield>
            <subfield code="x">Cas, Études de</subfield>
            <subfield code="2">rameau</subfield>
          </datafield>
          <datafield tag="606" ind1="1" ind2=" ">
            <subfield code="3">027328058</subfield>
            <subfield code="a">Enfants</subfield>
            <subfield code="x">Psychopathologie</subfield>
            <subfield code="2">rameau</subfield>
          </datafield>
          <datafield tag="606" ind1="1" ind2=" ">
            <subfield code="3">028214862</subfield>
            <subfield code="a">Adolescents</subfield>
            <subfield code="x">Psychopathologie</subfield>
            <subfield code="2">rameau</subfield>
          </datafield>
          <datafield tag="606" ind1="1" ind2=" ">
            <subfield code="3">027675785</subfield>
            <subfield code="a">Adolescents</subfield>
            <subfield code="x">Psychanalyse</subfield>
            <subfield code="3">027588505</subfield>
            <subfield code="x">Cas, Études de</subfield>
            <subfield code="2">rameau</subfield>
          </datafield>
          <datafield tag="606" ind1="1" ind2=" ">
            <subfield code="3">027362116</subfield>
            <subfield code="a">Psychiatrie</subfield>
            <subfield code="3">027792110</subfield>
            <subfield code="x">Pratique</subfield>
            <subfield code="2">rameau</subfield>
          </datafield>
          <datafield tag="606" ind1="1" ind2=" ">
            <subfield code="3">040680487</subfield>
            <subfield code="a">Psychiatrie enfant</subfield>
            <subfield code="2">fmesh</subfield>
          </datafield>
          <datafield tag="700" ind1=" " ind2="1">
            <subfield code="3">029743508</subfield>
            <subfield code="a">Rufo</subfield>
            <subfield code="b">Marcel</subfield>
            <subfield code="f">1944-....</subfield>
            <subfield code="4">070</subfield>
          </datafield>
          <datafield tag="801" ind1=" " ind2="3">
            <subfield code="a">FR</subfield>
            <subfield code="b">Abes</subfield>
            <subfield code="c">20041110</subfield>
            <subfield code="g">AFNOR</subfield>
          </datafield>
          <datafield tag="930" ind1=" " ind2=" ">
            <subfield code="5">441092101:216657482</subfield>
            <subfield code="b">441092101</subfield>
            <subfield code="a">WS 350 RUF</subfield>
            <subfield code="j">u</subfield>
          </datafield>
        </record>
      </recordData>
      <recordPosition>49</recordPosition>
    </record>