
    <record>
      <recordSchema>dc</recordSchema>
      <recordPacking>xml</recordPacking>
      <recordData>
        <record xsi:schemaLocation="http://www.loc.gov/MARC21/slim http://www.loc.gov/standards/marcxml/schema/MARC21slim.xsd" xmlns="http://www.loc.gov/MARC21/slim" xmlns:xsi="http://www.w3.org/2001/XMLSchema-instance">
          <leader>01606cam0 2200409   4500</leader>
          <controlfield tag="001">075407892</controlfield>
          <controlfield tag="005">20060227171121.000</controlfield>
          <datafield tag="010" ind1=" " ind2=" ">
            <subfield code="a">2-87027-790-3</subfield>
            <subfield code="b">br.</subfield>
          </datafield>
          <datafield tag="035" ind1=" " ind2=" ">
            <subfield code="a">bua133772</subfield>
          </datafield>
          <datafield tag="035" ind1=" " ind2=" ">
            <subfield code="a">elec2000141126</subfield>
          </datafield>
          <datafield tag="100" ind1=" " ind2=" ">
            <subfield code="a">20011016d2001    k  y0frey0103    ba</subfield>
          </datafield>
          <datafield tag="101" ind1="0" ind2=" ">
            <subfield code="a">fre</subfield>
            <subfield code="a">grc</subfield>
          </datafield>
          <datafield tag="102" ind1=" " ind2=" ">
            <subfield code="a">BE</subfield>
          </datafield>
          <datafield tag="105" ind1=" " ind2=" ">
            <subfield code="a">y   z   000zy</subfield>
          </datafield>
          <datafield tag="106" ind1=" " ind2=" ">
            <subfield code="a">r</subfield>
          </datafield>
          <datafield tag="200" ind1="1" ind2=" ">
            <subfield code="a">Oedipe et ses mythes</subfield>
            <subfield code="b">Texte imprimé</subfield>
            <subfield code="f">Jean-Pierre Vernant, Pierre Vidal-Naquet</subfield>
          </datafield>
          <datafield tag="210" ind1=" " ind2=" ">
            <subfield code="a">Bruxelles</subfield>
            <subfield code="c">Éditions Complexe</subfield>
            <subfield code="d">2001</subfield>
          </datafield>
          <datafield tag="215" ind1=" " ind2=" ">
            <subfield code="a">148 p.</subfield>
            <subfield code="d">18 cm</subfield>
          </datafield>
          <datafield tag="225" ind1="2" ind2=" ">
            <subfield code="a">Historiques</subfield>
            <subfield code="v">43</subfield>
          </datafield>
          <datafield tag="320" ind1=" " ind2=" ">
            <subfield code="a">Bibliogr. p. [149-150]</subfield>
          </datafield>
          <datafield tag="410" ind1=" " ind2=" ">
            <subfield code="0">000928356</subfield>
            <subfield code="t">Historiques (Bruxelles)</subfield>
            <subfield code="x">1378-0360</subfield>
            <subfield code="v">43</subfield>
          </datafield>
          <datafield tag="600" ind1=" " ind2="1">
            <subfield code="3">027512312</subfield>
            <subfield code="a">Oedipe</subfield>
            <subfield code="3">027512312</subfield>
            <subfield code="c">mythologie grecque</subfield>
            <subfield code="2">rameau</subfield>
          </datafield>
          <datafield tag="604" ind1=" " ind2=" ">
            <subfield code="0">027515486</subfield>
            <subfield code="a">Sophocle (0496?-0406 av. J.-C.)</subfield>
            <subfield code="t">Oedipe roi</subfield>
            <subfield code="2">rameau</subfield>
          </datafield>
          <datafield tag="604" ind1=" " ind2=" ">
            <subfield code="0">028020294</subfield>
            <subfield code="a">Sophocle (0496?-0406 av. J.-C.)</subfield>
            <subfield code="t">Oedipe à Colone</subfield>
            <subfield code="2">rameau</subfield>
          </datafield>
          <datafield tag="606" ind1="1" ind2=" ">
            <subfield code="3">027230600</subfield>
            <subfield code="a">Complexe d'Oedipe</subfield>
            <subfield code="2">rameau</subfield>
          </datafield>
          <datafield tag="700" ind1=" " ind2="1">
            <subfield code="3">02718160X</subfield>
            <subfield code="a">Vernant</subfield>
            <subfield code="b">Jean-Pierre</subfield>
            <subfield code="f">1914-....</subfield>
            <subfield code="4">070</subfield>
          </datafield>
          <datafield tag="701" ind1=" " ind2="1">
            <subfield code="3">027184269</subfield>
            <subfield code="a">Vidal-Naquet</subfield>
            <subfield code="b">Pierre</subfield>
            <subfield code="f">1930-....</subfield>
            <subfield code="4">070</subfield>
          </datafield>
          <datafield tag="801" ind1=" " ind2="3">
            <subfield code="a">FR</subfield>
            <subfield code="b">Abes</subfield>
            <subfield code="c">20060227</subfield>
            <subfield code="g">AFNOR</subfield>
          </datafield>
          <datafield tag="801" ind1=" " ind2="3">
            <subfield code="a">FR</subfield>
            <subfield code="b">Electre</subfield>
            <subfield code="c">20010611</subfield>
            <subfield code="g">AFNOR</subfield>
          </datafield>
          <datafield tag="801" ind1=" " ind2="2">
            <subfield code="a">FR</subfield>
            <subfield code="b">BU ARTOIS 1</subfield>
          </datafield>
          <datafield tag="930" ind1=" " ind2=" ">
            <subfield code="5">620412103:194599264</subfield>
            <subfield code="b">620412103</subfield>
            <subfield code="c">Fonds général</subfield>
            <subfield code="d">Libre accès</subfield>
            <subfield code="a">882 SOP V</subfield>
            <subfield code="j">u</subfield>
          </datafield>
          <datafield tag="930" ind1=" " ind2=" ">
            <subfield code="5">290192101:227745183</subfield>
            <subfield code="b">290192101</subfield>
            <subfield code="l">421950</subfield>
            <subfield code="e">BRUL</subfield>
            <subfield code="a">880 SOP VER</subfield>
            <subfield code="j">u</subfield>
          </datafield>
          <datafield tag="915" ind1=" " ind2=" ">
            <subfield code="5">974112101:200457306</subfield>
            <subfield code="b">2754240350</subfield>
          </datafield>
          <datafield tag="930" ind1=" " ind2=" ">
            <subfield code="5">974112101:200457306</subfield>
            <subfield code="b">974112101</subfield>
            <subfield code="a">875 SOPH 5 VE</subfield>
            <subfield code="j">u</subfield>
          </datafield>
          <datafield tag="915" ind1=" " ind2=" ">
            <subfield code="5">751052144:199940878</subfield>
            <subfield code="b">3350190824</subfield>
          </datafield>
          <datafield tag="930" ind1=" " ind2=" ">
            <subfield code="5">751052144:199940878</subfield>
            <subfield code="b">751052144</subfield>
            <subfield code="a">88/1 SOP 1</subfield>
            <subfield code="j">i</subfield>
          </datafield>
          <datafield tag="999" ind1=" " ind2=" ">
            <subfield code="5">751052144:199940878</subfield>
            <subfield code="a">EM</subfield>
            <subfield code="b">GEN1A</subfield>
          </datafield>
        </record>
      </recordData>
      <recordPosition>50</recordPosition>
    </record>