
    <record>
      <recordSchema>dc</recordSchema>
      <recordPacking>xml</recordPacking>
      <recordData>
        <record xsi:schemaLocation="http://www.loc.gov/MARC21/slim http://www.loc.gov/standards/marcxml/schema/MARC21slim.xsd" xmlns="http://www.loc.gov/MARC21/slim" xmlns:xsi="http://www.w3.org/2001/XMLSchema-instance">
          <leader>01346cam0 2200373   4500</leader>
          <controlfield tag="001">07415303X</controlfield>
          <controlfield tag="005">20040925195248.000</controlfield>
          <datafield tag="010" ind1=" " ind2=" ">
            <subfield code="z">2-218-72056-6</subfield>
          </datafield>
          <datafield tag="020" ind1=" " ind2=" ">
            <subfield code="a">FR</subfield>
            <subfield code="b">09507022</subfield>
          </datafield>
          <datafield tag="021" ind1=" " ind2=" ">
            <subfield code="a">FR</subfield>
            <subfield code="b">DL 94-37493</subfield>
          </datafield>
          <datafield tag="021" ind1=" " ind2=" ">
            <subfield code="a">FR</subfield>
            <subfield code="b">D.L. 1995 (ASP)</subfield>
          </datafield>
          <datafield tag="035" ind1=" " ind2=" ">
            <subfield code="5">951272104</subfield>
            <subfield code="a">ALP145628</subfield>
          </datafield>
          <datafield tag="100" ind1=" " ind2=" ">
            <subfield code="a">20030923d2001    c  y0frey0103    ba</subfield>
          </datafield>
          <datafield tag="101" ind1="0" ind2=" ">
            <subfield code="a">fre</subfield>
          </datafield>
          <datafield tag="102" ind1=" " ind2=" ">
            <subfield code="a">FR</subfield>
          </datafield>
          <datafield tag="105" ind1=" " ind2=" ">
            <subfield code="a">y   z   000yy</subfield>
          </datafield>
          <datafield tag="106" ind1=" " ind2=" ">
            <subfield code="a">r</subfield>
          </datafield>
          <datafield tag="200" ind1="1" ind2=" ">
            <subfield code="a">Oedipe roi (entre 430 et 420 av. J.-C.), Sophocle</subfield>
            <subfield code="f">Alain Couprie,...</subfield>
          </datafield>
          <datafield tag="210" ind1=" " ind2=" ">
            <subfield code="a">Paris</subfield>
            <subfield code="c">Hatier</subfield>
            <subfield code="d">2001</subfield>
          </datafield>
          <datafield tag="215" ind1=" " ind2=" ">
            <subfield code="a">126 p.</subfield>
            <subfield code="d">18 cm</subfield>
          </datafield>
          <datafield tag="225" ind1="0" ind2=" ">
            <subfield code="a">Profil d'une oeuvre</subfield>
            <subfield code="i">Profil Bac</subfield>
            <subfield code="v">169</subfield>
          </datafield>
          <datafield tag="308" ind1=" " ind2=" ">
            <subfield code="a">Numérotation dans la coll. principale :  169</subfield>
          </datafield>
          <datafield tag="320" ind1=" " ind2=" ">
            <subfield code="a">Bibliogr. p. 125. Index</subfield>
          </datafield>
          <datafield tag="410" ind1=" " ind2=" ">
            <subfield code="9">1690</subfield>
            <subfield code="0">001059548</subfield>
            <subfield code="t">Profil littérature</subfield>
            <subfield code="x">0764-8588</subfield>
            <subfield code="v">169</subfield>
          </datafield>
          <datafield tag="604" ind1=" " ind2=" ">
            <subfield code="a">Sophocle (0496?-0406 av. J.-C). Oedipe roi</subfield>
            <subfield code="2">rameau</subfield>
          </datafield>
          <datafield tag="700" ind1=" " ind2="1">
            <subfield code="3">02859066X</subfield>
            <subfield code="a">Couprie</subfield>
            <subfield code="b">Alain</subfield>
          </datafield>
          <datafield tag="801" ind1=" " ind2="3">
            <subfield code="a">FR</subfield>
            <subfield code="b">Abes</subfield>
            <subfield code="c">20040925</subfield>
            <subfield code="g">AFNOR</subfield>
          </datafield>
          <datafield tag="930" ind1=" " ind2=" ">
            <subfield code="5">951272104:208910840</subfield>
            <subfield code="b">951272104</subfield>
            <subfield code="j">u</subfield>
          </datafield>
          <datafield tag="991" ind1=" " ind2=" ">
            <subfield code="5">951272104:208910840</subfield>
            <subfield code="a">Exemplaire créé automatiquement par l'ABES</subfield>
          </datafield>
          <datafield tag="915" ind1=" " ind2=" ">
            <subfield code="5">974112101:185080480</subfield>
            <subfield code="b">2692810350</subfield>
          </datafield>
          <datafield tag="930" ind1=" " ind2=" ">
            <subfield code="5">974112101:185080480</subfield>
            <subfield code="b">974112101</subfield>
            <subfield code="a">875 SOPH 5</subfield>
            <subfield code="j">u</subfield>
          </datafield>
          <datafield tag="915" ind1=" " ind2=" ">
            <subfield code="5">940282102:270563741</subfield>
            <subfield code="b">5200017402</subfield>
          </datafield>
          <datafield tag="930" ind1=" " ind2=" ">
            <subfield code="5">940282102:270563741</subfield>
            <subfield code="b">940282102</subfield>
            <subfield code="a">875 SOPH 5 CO</subfield>
            <subfield code="j">u</subfield>
          </datafield>
          <datafield tag="991" ind1=" " ind2=" ">
            <subfield code="5">940282102:270563741</subfield>
            <subfield code="a">Exemplaire créé automatiquement par l'ABES</subfield>
          </datafield>
        </record>
      </recordData>
      <recordPosition>51</recordPosition>
    </record>