
    <record>
      <recordSchema>dc</recordSchema>
      <recordPacking>xml</recordPacking>
      <recordData>
        <record xsi:schemaLocation="http://www.loc.gov/MARC21/slim http://www.loc.gov/standards/marcxml/schema/MARC21slim.xsd" xmlns="http://www.loc.gov/MARC21/slim" xmlns:xsi="http://www.w3.org/2001/XMLSchema-instance">
          <leader>00919nam0 2200253   4500</leader>
          <controlfield tag="001">069772150</controlfield>
          <controlfield tag="005">20030220143958.000</controlfield>
          <datafield tag="010" ind1=" " ind2=" ">
            <subfield code="a">2-84291-868-1</subfield>
            <subfield code="b">Br</subfield>
            <subfield code="d">4.57 EUR</subfield>
          </datafield>
          <datafield tag="100" ind1=" " ind2=" ">
            <subfield code="a">20030220d2001    ||||0fre|0103    ba</subfield>
          </datafield>
          <datafield tag="101" ind1="0" ind2=" ">
            <subfield code="a">fre</subfield>
          </datafield>
          <datafield tag="102" ind1=" " ind2=" ">
            <subfield code="a">FR</subfield>
          </datafield>
          <datafield tag="105" ind1=" " ind2=" ">
            <subfield code="a">y   ||||0||y|</subfield>
          </datafield>
          <datafield tag="200" ind1="1" ind2=" ">
            <subfield code="a">Sophocle, "Oedipe-roi"</subfield>
            <subfield code="b">Texte imprimé</subfield>
            <subfield code="f">Geneviève Winter,...</subfield>
          </datafield>
          <datafield tag="210" ind1=" " ind2=" ">
            <subfield code="a">Rosny-sous-Bois (Seine-Saint-Denis)</subfield>
            <subfield code="c">Bréal</subfield>
            <subfield code="d">2001</subfield>
          </datafield>
          <datafield tag="215" ind1=" " ind2=" ">
            <subfield code="a">126 p.</subfield>
            <subfield code="d">18 cm</subfield>
          </datafield>
          <datafield tag="225" ind1="2" ind2=" ">
            <subfield code="a">Connaissance d'une oeuvre</subfield>
          </datafield>
          <datafield tag="410" ind1=" " ind2=" ">
            <subfield code="0">013800698</subfield>
            <subfield code="t">Connaissance d'une oeuvre</subfield>
            <subfield code="x">1285-9893</subfield>
          </datafield>
          <datafield tag="604" ind1=" " ind2=" ">
            <subfield code="0">027515486</subfield>
            <subfield code="a">Sophocle (0496?-0406 av. J.-C.)</subfield>
            <subfield code="t">Oedipe roi</subfield>
            <subfield code="2">rameau</subfield>
          </datafield>
          <datafield tag="700" ind1=" " ind2="1">
            <subfield code="3">034913289</subfield>
            <subfield code="a">Winter</subfield>
            <subfield code="b">Geneviève</subfield>
            <subfield code="4">070</subfield>
          </datafield>
          <datafield tag="801" ind1=" " ind2="3">
            <subfield code="a">FR</subfield>
            <subfield code="b">Abes</subfield>
            <subfield code="c">20030220</subfield>
            <subfield code="g">AFNOR</subfield>
          </datafield>
          <datafield tag="930" ind1=" " ind2=" ">
            <subfield code="5">301892102:170989046</subfield>
            <subfield code="b">301892102</subfield>
            <subfield code="a">882 SOP W</subfield>
            <subfield code="j">u</subfield>
          </datafield>
          <datafield tag="915" ind1=" " ind2=" ">
            <subfield code="5">751052144:221338012</subfield>
            <subfield code="a">E3</subfield>
            <subfield code="b">3350372107</subfield>
          </datafield>
          <datafield tag="930" ind1=" " ind2=" ">
            <subfield code="5">751052144:221338012</subfield>
            <subfield code="b">751052144</subfield>
            <subfield code="a">88/1 SOP 1</subfield>
            <subfield code="j">i</subfield>
          </datafield>
          <datafield tag="999" ind1=" " ind2=" ">
            <subfield code="5">751052144:221338012</subfield>
            <subfield code="a">EM</subfield>
            <subfield code="b">GRE4B</subfield>
          </datafield>
        </record>
      </recordData>
      <recordPosition>52</recordPosition>
    </record>