
    <record>
      <recordSchema>dc</recordSchema>
      <recordPacking>xml</recordPacking>
      <recordData>
        <record xsi:schemaLocation="http://www.loc.gov/MARC21/slim http://www.loc.gov/standards/marcxml/schema/MARC21slim.xsd" xmlns="http://www.loc.gov/MARC21/slim" xmlns:xsi="http://www.w3.org/2001/XMLSchema-instance">
          <leader>02654cam0 2200325   4500</leader>
          <controlfield tag="001">069348405</controlfield>
          <controlfield tag="005">20040924195430.000</controlfield>
          <datafield tag="100" ind1=" " ind2=" ">
            <subfield code="a">20030121d2001    k  y0frey0103    ba</subfield>
          </datafield>
          <datafield tag="101" ind1="0" ind2=" ">
            <subfield code="a">fre</subfield>
            <subfield code="d">fre</subfield>
          </datafield>
          <datafield tag="102" ind1=" " ind2=" ">
            <subfield code="a">FR</subfield>
          </datafield>
          <datafield tag="105" ind1=" " ind2=" ">
            <subfield code="a">y   m   ||1y|</subfield>
          </datafield>
          <datafield tag="200" ind1="1" ind2=" ">
            <subfield code="a">Oedipe d'André Gide</subfield>
            <subfield code="b">Texte imprimé</subfield>
            <subfield code="e">édition critique commentée et annotée</subfield>
            <subfield code="f">Clara Humbert-Debard</subfield>
            <subfield code="g">sous la dir. de Jean Claude</subfield>
          </datafield>
          <datafield tag="210" ind1=" " ind2=" ">
            <subfield code="a">[S.l.]</subfield>
            <subfield code="c">[s.n.]</subfield>
            <subfield code="d">2001</subfield>
          </datafield>
          <datafield tag="215" ind1=" " ind2=" ">
            <subfield code="a">  3 vol. (700 f.)</subfield>
            <subfield code="c">ill.</subfield>
            <subfield code="d">30 cm</subfield>
          </datafield>
          <datafield tag="301" ind1=" " ind2=" ">
            <subfield code="a">Thèse : 01NAN21012</subfield>
          </datafield>
          <datafield tag="310" ind1=" " ind2=" ">
            <subfield code="a">Publication autorisée par le jury</subfield>
          </datafield>
          <datafield tag="320" ind1=" " ind2=" ">
            <subfield code="a">Bibliogr. f. 642-671</subfield>
          </datafield>
          <datafield tag="330" ind1=" " ind2=" ">
            <subfield code="a">Le travail porte sur la pièce de théâtre Œdipe d'André Gide, publiée en éditions pré-originales dans les revues Commerce et N.R.F. fin 1930 et début 1931, puis en édition originale aux Editions de la Pléiade par Jacques Schiffrin. La recherche se présente sous la forme d'une édition critique, commentée et annotée, de ce drame en trois actes. Cinq chapitres d'introduction précèdent le texte de la pièce. Le premier est consacré à la reconstitution de la genèse de l'œuvre ; le second recense les différentes sources possibles, et le troisième, les influences et les allusions ; le quatrième propose un étude thématique ainsi qu'une analyse dramatique ; le dernier présente les sources manuscrites et les principes qui ont présidé à l'établissement du texte. Le centre du travail est le texte du drame de Gide, présenté pour le première fois avec toutes les variantes provenant aussi bien des manuscrits que des versions éditées du vivant de l'auteur. Un chapitre porte ensuite sur la réception du texte et les grandes représentations, françaises et allemandes, de la pièce. Le travail se clôt sur un appendice en six volets. Des documents et des lettres inédits ayant trait à Œdipe y sont présentés, ainsi qu'un choix d'articles de presse de 1931 à 1978.</subfield>
          </datafield>
          <datafield tag="541" ind1=" " ind2=" ">
            <subfield code="a">André Gide</subfield>
            <subfield code="e">Œdipius, a critical comment and annotated edition</subfield>
            <subfield code="z">eng</subfield>
          </datafield>
          <datafield tag="600" ind1=" " ind2="0">
            <subfield code="3">027512312</subfield>
            <subfield code="a">Oedipe</subfield>
            <subfield code="3">027512312</subfield>
            <subfield code="c">mythologie grecque</subfield>
            <subfield code="3">028054679</subfield>
            <subfield code="x">Dans la littérature</subfield>
            <subfield code="2">rameau</subfield>
          </datafield>
          <datafield tag="604" ind1=" " ind2=" ">
            <subfield code="a">Gide, André (1869-1951)</subfield>
            <subfield code="t">Oedipe</subfield>
            <subfield code="2">rameau</subfield>
          </datafield>
          <datafield tag="700" ind1=" " ind2="1">
            <subfield code="a">Humbert-Debard</subfield>
            <subfield code="b">Clara</subfield>
            <subfield code="4">070</subfield>
          </datafield>
          <datafield tag="702" ind1=" " ind2="1">
            <subfield code="3">029007496</subfield>
            <subfield code="a">Claude</subfield>
            <subfield code="b">Jean</subfield>
            <subfield code="f">1935-....</subfield>
            <subfield code="4">727</subfield>
          </datafield>
          <datafield tag="801" ind1=" " ind2="3">
            <subfield code="a">FR</subfield>
            <subfield code="b">Abes</subfield>
            <subfield code="c">20040924</subfield>
            <subfield code="g">AFNOR</subfield>
          </datafield>
          <datafield tag="915" ind1=" " ind2=" ">
            <subfield code="5">543952103:169803791</subfield>
            <subfield code="a">LN 001/12-1</subfield>
            <subfield code="a">LN 001/12-2</subfield>
            <subfield code="a">LN 001/12-3</subfield>
          </datafield>
          <datafield tag="930" ind1=" " ind2=" ">
            <subfield code="5">543952103:169803791</subfield>
            <subfield code="b">543952103</subfield>
            <subfield code="c">E</subfield>
            <subfield code="a">LN 001/12</subfield>
            <subfield code="j">g</subfield>
          </datafield>
          <datafield tag="999" ind1=" " ind2=" ">
            <subfield code="5">543952103:169803791</subfield>
            <subfield code="a">2CSP</subfield>
            <subfield code="b">2ETHN</subfield>
          </datafield>
          <datafield tag="915" ind1=" " ind2=" ">
            <subfield code="5">543952103:169803899</subfield>
            <subfield code="a">LN 001/12-1bis</subfield>
            <subfield code="a">LN 001/12-2bis</subfield>
            <subfield code="a">LN 001/12-3bis</subfield>
          </datafield>
          <datafield tag="930" ind1=" " ind2=" ">
            <subfield code="5">543952103:169803899</subfield>
            <subfield code="b">543952103</subfield>
            <subfield code="c">E</subfield>
            <subfield code="a">LN 001/12bis</subfield>
            <subfield code="j">b</subfield>
          </datafield>
          <datafield tag="999" ind1=" " ind2=" ">
            <subfield code="5">543952103:169803899</subfield>
            <subfield code="a">2CSP</subfield>
            <subfield code="b">2ETHN</subfield>
          </datafield>
        </record>
      </recordData>
      <recordPosition>53</recordPosition>
    </record>