
    <record>
      <recordSchema>dc</recordSchema>
      <recordPacking>xml</recordPacking>
      <recordData>
        <record xsi:schemaLocation="http://www.loc.gov/MARC21/slim http://www.loc.gov/standards/marcxml/schema/MARC21slim.xsd" xmlns="http://www.loc.gov/MARC21/slim" xmlns:xsi="http://www.w3.org/2001/XMLSchema-instance">
          <leader>01921cam0 2200493   4500</leader>
          <controlfield tag="001">068456794</controlfield>
          <controlfield tag="005">20051122164719.000</controlfield>
          <datafield tag="010" ind1=" " ind2=" ">
            <subfield code="a">2-01-166943-X</subfield>
            <subfield code="b">br</subfield>
            <subfield code="d">27 F</subfield>
          </datafield>
          <datafield tag="020" ind1=" " ind2=" ">
            <subfield code="a">FR</subfield>
            <subfield code="b">09616178</subfield>
          </datafield>
          <datafield tag="021" ind1=" " ind2=" ">
            <subfield code="a">FR</subfield>
            <subfield code="b">DL 96-12227</subfield>
          </datafield>
          <datafield tag="035" ind1=" " ind2=" ">
            <subfield code="a">071130756</subfield>
          </datafield>
          <datafield tag="035" ind1=" " ind2=" ">
            <subfield code="a">DYNIX-BUFDF-73221</subfield>
          </datafield>
          <datafield tag="035" ind1=" " ind2=" ">
            <subfield code="a">frBN021331046</subfield>
          </datafield>
          <datafield tag="035" ind1=" " ind2=" ">
            <subfield code="5">490072106</subfield>
            <subfield code="a">DYNIX-BUANG-214653</subfield>
          </datafield>
          <datafield tag="100" ind1=" " ind2=" ">
            <subfield code="a">20021024d2001    |||y0frey0103    ba</subfield>
          </datafield>
          <datafield tag="101" ind1="0" ind2=" ">
            <subfield code="a">fre</subfield>
          </datafield>
          <datafield tag="102" ind1=" " ind2=" ">
            <subfield code="a">FR</subfield>
          </datafield>
          <datafield tag="105" ind1=" " ind2=" ">
            <subfield code="a">y   zz  00|z|</subfield>
          </datafield>
          <datafield tag="106" ind1=" " ind2=" ">
            <subfield code="a">r</subfield>
          </datafield>
          <datafield tag="200" ind1="1" ind2=" ">
            <subfield code="a">"Oedipe roi" de Sophocle</subfield>
            <subfield code="b">Texte imprimé</subfield>
            <subfield code="e">étude de l'oeuvre</subfield>
            <subfield code="f">par Bruno Roger-Vasselin,...</subfield>
          </datafield>
          <datafield tag="210" ind1=" " ind2=" ">
            <subfield code="a">Paris</subfield>
            <subfield code="c">Hachette éducation</subfield>
            <subfield code="d">2001</subfield>
            <subfield code="e">25-Baume-les-Dames</subfield>
            <subfield code="g">Impr. IME</subfield>
          </datafield>
          <datafield tag="215" ind1=" " ind2=" ">
            <subfield code="a">95 p</subfield>
            <subfield code="c">couv. ill. en coul</subfield>
            <subfield code="d">18 cm</subfield>
          </datafield>
          <datafield tag="225" ind1="0" ind2=" ">
            <subfield code="a">Repères Hachette</subfield>
            <subfield code="v">8</subfield>
          </datafield>
          <datafield tag="304" ind1=" " ind2=" ">
            <subfield code="a">La couv. porte en plus : "Étude de l'oeuvre, bac Terminale"</subfield>
          </datafield>
          <datafield tag="320" ind1=" " ind2=" ">
            <subfield code="a">Bibliogr.</subfield>
          </datafield>
          <datafield tag="345" ind1=" " ind2=" ">
            <subfield code="b">9782011669438</subfield>
          </datafield>
          <datafield tag="410" ind1=" " ind2=" ">
            <subfield code="9">500</subfield>
            <subfield code="0">013697145</subfield>
            <subfield code="t">Repères Hachette (Paris)</subfield>
            <subfield code="x">1271-8963</subfield>
          </datafield>
          <datafield tag="604" ind1=" " ind2=" ">
            <subfield code="0">027515486</subfield>
            <subfield code="a">Sophocle (0496?-0406 av. J.-C.)</subfield>
            <subfield code="t">Oedipe roi</subfield>
            <subfield code="2">rameau</subfield>
          </datafield>
          <datafield tag="675" ind1=" " ind2=" ">
            <subfield code="a">820</subfield>
            <subfield code="v">Éd. 1967</subfield>
          </datafield>
          <datafield tag="676" ind1=" " ind2=" ">
            <subfield code="a">882</subfield>
          </datafield>
          <datafield tag="700" ind1=" " ind2="1">
            <subfield code="3">034127488</subfield>
            <subfield code="a">Roger-Vasselin</subfield>
            <subfield code="b">Bruno</subfield>
            <subfield code="f">19..-....</subfield>
            <subfield code="4">070</subfield>
          </datafield>
          <datafield tag="801" ind1=" " ind2="3">
            <subfield code="a">FR</subfield>
            <subfield code="b">Abes</subfield>
            <subfield code="c">20051122</subfield>
            <subfield code="g">AFNOR</subfield>
          </datafield>
          <datafield tag="801" ind1=" " ind2="3">
            <subfield code="a">FR</subfield>
            <subfield code="b">BN</subfield>
            <subfield code="c">20051122</subfield>
            <subfield code="g">AFNOR</subfield>
          </datafield>
          <datafield tag="930" ind1=" " ind2=" ">
            <subfield code="5">490072106:202817296</subfield>
            <subfield code="b">490072106</subfield>
            <subfield code="a">88 100 SOP 069561</subfield>
            <subfield code="j">s</subfield>
          </datafield>
          <datafield tag="930" ind1=" " ind2=" ">
            <subfield code="5">490072106:20281730X</subfield>
            <subfield code="b">490072106</subfield>
            <subfield code="a">88 100 SOP 069562</subfield>
            <subfield code="j">s</subfield>
          </datafield>
          <datafield tag="915" ind1=" " ind2=" ">
            <subfield code="5">971202101:199909679</subfield>
            <subfield code="a">12485</subfield>
            <subfield code="b">0630788458</subfield>
          </datafield>
          <datafield tag="930" ind1=" " ind2=" ">
            <subfield code="5">971202101:199909679</subfield>
            <subfield code="b">971202101</subfield>
            <subfield code="a">882 ROG</subfield>
            <subfield code="j">u</subfield>
          </datafield>
          <datafield tag="930" ind1=" " ind2=" ">
            <subfield code="5">301892102:16689754X</subfield>
            <subfield code="b">301892102</subfield>
            <subfield code="a">882 SOP R</subfield>
            <subfield code="j">u</subfield>
          </datafield>
          <datafield tag="930" ind1=" " ind2=" ">
            <subfield code="5">751052102:247571121</subfield>
            <subfield code="b">751052102</subfield>
            <subfield code="a">875 SOP 8</subfield>
            <subfield code="j">u</subfield>
          </datafield>
          <datafield tag="915" ind1=" " ind2=" ">
            <subfield code="5">940282102:270563768</subfield>
            <subfield code="b">5200017076</subfield>
          </datafield>
          <datafield tag="930" ind1=" " ind2=" ">
            <subfield code="5">940282102:270563768</subfield>
            <subfield code="b">940282102</subfield>
            <subfield code="a">875 SOPH 5 RO</subfield>
            <subfield code="j">u</subfield>
          </datafield>
          <datafield tag="991" ind1=" " ind2=" ">
            <subfield code="5">940282102:270563768</subfield>
            <subfield code="a">Exemplaire créé automatiquement par l'ABES</subfield>
          </datafield>
          <datafield tag="930" ind1=" " ind2=" ">
            <subfield code="5">870852302:220931771</subfield>
            <subfield code="b">870852302</subfield>
            <subfield code="a">LET 882 SOP</subfield>
            <subfield code="j">u</subfield>
          </datafield>
          <datafield tag="991" ind1=" " ind2=" ">
            <subfield code="5">870852302:220931771</subfield>
            <subfield code="a">Exemplaire créé automatiquement par l'ABES</subfield>
          </datafield>
        </record>
      </recordData>
      <recordPosition>54</recordPosition>
    </record>