
    <record>
      <recordSchema>dc</recordSchema>
      <recordPacking>xml</recordPacking>
      <recordData>
        <record xsi:schemaLocation="http://www.loc.gov/MARC21/slim http://www.loc.gov/standards/marcxml/schema/MARC21slim.xsd" xmlns="http://www.loc.gov/MARC21/slim" xmlns:xsi="http://www.w3.org/2001/XMLSchema-instance">
          <leader>03084cam0 2200301   4500</leader>
          <controlfield tag="001">06162179X</controlfield>
          <controlfield tag="005">20040922204811.000</controlfield>
          <datafield tag="100" ind1=" " ind2=" ">
            <subfield code="a">20020708d2001    k  |0frey0103    ba</subfield>
          </datafield>
          <datafield tag="101" ind1="0" ind2=" ">
            <subfield code="a">fre</subfield>
          </datafield>
          <datafield tag="105" ind1=" " ind2=" ">
            <subfield code="a">y   m   |||||</subfield>
          </datafield>
          <datafield tag="200" ind1="1" ind2=" ">
            <subfield code="a">Théâtre et philosophie dans les tragédies de Sénèque</subfield>
            <subfield code="b">Texte imprimé</subfield>
            <subfield code="e">Agamemnon, Oedipe, les Phéniciennes et Thyeste</subfield>
            <subfield code="f">Carine Alberti</subfield>
            <subfield code="g">sous la dir. de Hubert Zehnacker</subfield>
          </datafield>
          <datafield tag="210" ind1=" " ind2=" ">
            <subfield code="a">[S.l.]</subfield>
            <subfield code="c">[s.n.]</subfield>
          </datafield>
          <datafield tag="215" ind1=" " ind2=" ">
            <subfield code="a">1 vol. (375 p.)</subfield>
          </datafield>
          <datafield tag="301" ind1=" " ind2=" ">
            <subfield code="a">Thèse : 2001PA040175</subfield>
          </datafield>
          <datafield tag="310" ind1=" " ind2=" ">
            <subfield code="a">Publication autorisée par le jury</subfield>
          </datafield>
          <datafield tag="320" ind1=" " ind2=" ">
            <subfield code="a">245 réf.</subfield>
          </datafield>
          <datafield tag="330" ind1=" " ind2=" ">
            <subfield code="a">L'analyse d''Oedipe', des 'Phéniciennes', d''Agamemnon', et de 'Thyeste' dévoile rapidement une véritable originalité dans l'élaboration des tragédies sénéquiennes. Mettant les personnages au coeur des tragédies - tout comme l'homme mis au coeur des intérrogations stoïciennes - Sénèque peint leurs erreurs et leurs passions pour mieux mettre en lumière la phase de responsabilité humaine qu'il y a dans leur existence. La fatalité et le poids du destin n'existent réellement que dans l'esprit des héros qui, dominés par leur "affectus", ne peuvent faire preuve de sagesse. Les héros sont donc résolument rendus responsables de leurs décisions et de leurs actes, pouvant ainsi faire oeuvre de liberté au sein d'un apparent déterminisme mythique. Tout l'univers tragique est ainsi modifié sous l'influence stoïcienne : les conditions tragiques du héros et de l'homme se confondent dans une liberté dont ils font le plus souvent un mauvais usage.</subfield>
          </datafield>
          <datafield tag="330" ind1=" " ind2=" ">
            <subfield code="a">The analysis of 'Oedipius', 'Phoenissae', 'Agamemnon' and 'Thyeste' shows Seneca's real originality in the writing of his tragedies. Focusing on the characters of his tragedies - just like man in stoic thoughts - Seneca depicts their errors and their passions to bring their own responsability to light. The burden of fate exists only in the heroes' mind, who are overhelmed with their "affectus" and can'st be wise. The heroes are therefore resolutely responsible for their decisions and their acts. So they can be free in an apparent mythical determinism. Consequently the whole tragical universe is changed by the stoic influence : hero and man's tragic conditions mingle in the freedom they often misuse.</subfield>
          </datafield>
          <datafield tag="452" ind1=" " ind2=" ">
            <subfield code="0">074658840</subfield>
            <subfield code="t">Théâtre et philosophie dans les tragédies de Sénèque (Agamemnon, Œdipe, Les Phéniciennes et Thyeste)</subfield>
            <subfield code="c">Lille</subfield>
            <subfield code="d">2003</subfield>
            <subfield code="p">1 microfiche</subfield>
          </datafield>
          <datafield tag="541" ind1=" " ind2=" ">
            <subfield code="a">Theatre and philosophy in Seneca's tragedies</subfield>
            <subfield code="e">Agamemnon, Oedipus, Phoenissae and Thyestes</subfield>
            <subfield code="z">eng</subfield>
          </datafield>
          <datafield tag="600" ind1=" " ind2="1">
            <subfield code="3">026670984</subfield>
            <subfield code="a">Sénèque</subfield>
            <subfield code="3">026670984</subfield>
            <subfield code="f">0004 av. J.-C.-0065</subfield>
            <subfield code="3">028935616</subfield>
            <subfield code="x">Contribution à la tragédie</subfield>
            <subfield code="2">rameau</subfield>
          </datafield>
          <datafield tag="600" ind1=" " ind2="1">
            <subfield code="3">026670984</subfield>
            <subfield code="a">Sénèque</subfield>
            <subfield code="3">026670984</subfield>
            <subfield code="f">0004 av. J.-C.-0065</subfield>
            <subfield code="3">028667301</subfield>
            <subfield code="x">Personnages</subfield>
            <subfield code="2">rameau</subfield>
          </datafield>
          <datafield tag="606" ind1="1" ind2=" ">
            <subfield code="3">027795780</subfield>
            <subfield code="a">Sentiments</subfield>
            <subfield code="x">Dans la littérature</subfield>
            <subfield code="2">rameau</subfield>
          </datafield>
          <datafield tag="700" ind1=" " ind2="1">
            <subfield code="3">061621250</subfield>
            <subfield code="a">Alberti</subfield>
            <subfield code="b">Carine</subfield>
            <subfield code="4">070</subfield>
          </datafield>
          <datafield tag="702" ind1=" " ind2="1">
            <subfield code="3">027203069</subfield>
            <subfield code="a">Zehnacker</subfield>
            <subfield code="b">Hubert</subfield>
            <subfield code="4">727</subfield>
          </datafield>
          <datafield tag="712" ind1="0" ind2="2">
            <subfield code="3">026403633</subfield>
            <subfield code="a">Université de Paris-Sorbonne</subfield>
            <subfield code="4">295</subfield>
          </datafield>
          <datafield tag="801" ind1=" " ind2="3">
            <subfield code="a">FR</subfield>
            <subfield code="b">Abes</subfield>
            <subfield code="c">20040922</subfield>
            <subfield code="g">AFNOR</subfield>
          </datafield>
          <datafield tag="930" ind1=" " ind2=" ">
            <subfield code="5">751052129:15479547X</subfield>
            <subfield code="b">751052129</subfield>
            <subfield code="a">BUT 5151</subfield>
            <subfield code="j">u</subfield>
          </datafield>
        </record>
      </recordData>
      <recordPosition>55</recordPosition>
    </record>