
    <record>
      <recordSchema>dc</recordSchema>
      <recordPacking>xml</recordPacking>
      <recordData>
        <record xsi:schemaLocation="http://www.loc.gov/MARC21/slim http://www.loc.gov/standards/marcxml/schema/MARC21slim.xsd" xmlns="http://www.loc.gov/MARC21/slim" xmlns:xsi="http://www.w3.org/2001/XMLSchema-instance">
          <leader>01418cam0 2200385   4500</leader>
          <controlfield tag="001">060506253</controlfield>
          <controlfield tag="005">20060309153801.000</controlfield>
          <datafield tag="010" ind1=" " ind2=" ">
            <subfield code="a">2-290-31566-4</subfield>
            <subfield code="b">br.</subfield>
          </datafield>
          <datafield tag="035" ind1=" " ind2=" ">
            <subfield code="a">elec2001350201</subfield>
          </datafield>
          <datafield tag="035" ind1=" " ind2=" ">
            <subfield code="5">974222101</subfield>
            <subfield code="a">reu97888</subfield>
          </datafield>
          <datafield tag="100" ind1=" " ind2=" ">
            <subfield code="a">20020416d2001    m  y0frey0103    ba</subfield>
          </datafield>
          <datafield tag="101" ind1="1" ind2=" ">
            <subfield code="a">fre</subfield>
            <subfield code="c">grc</subfield>
          </datafield>
          <datafield tag="102" ind1=" " ind2=" ">
            <subfield code="a">FR</subfield>
          </datafield>
          <datafield tag="105" ind1=" " ind2=" ">
            <subfield code="a">y   z   000bd</subfield>
          </datafield>
          <datafield tag="106" ind1=" " ind2=" ">
            <subfield code="a">r</subfield>
          </datafield>
          <datafield tag="200" ind1="1" ind2=" ">
            <subfield code="a">Oedipe roi</subfield>
            <subfield code="b">Texte imprimé</subfield>
            <subfield code="f">Sophocle</subfield>
            <subfield code="g">texte étab. et trad. par A. Dain et P. Mazon</subfield>
          </datafield>
          <datafield tag="210" ind1=" " ind2=" ">
            <subfield code="a">Paris</subfield>
            <subfield code="c">EJL</subfield>
            <subfield code="d">2001</subfield>
          </datafield>
          <datafield tag="215" ind1=" " ind2=" ">
            <subfield code="a">95 p.</subfield>
            <subfield code="c">couv. ill. en coul.</subfield>
            <subfield code="d">21 cm</subfield>
          </datafield>
          <datafield tag="225" ind1="0" ind2=" ">
            <subfield code="a">Librio</subfield>
            <subfield code="v">30</subfield>
          </datafield>
          <datafield tag="306" ind1=" " ind2=" ">
            <subfield code="a">EJL = Ed. J'ai lu</subfield>
          </datafield>
          <datafield tag="312" ind1=" " ind2=" ">
            <subfield code="a">La couv. porte en plus : "Texte intégral"</subfield>
          </datafield>
          <datafield tag="410" ind1=" " ind2=" ">
            <subfield code="0">013841564</subfield>
            <subfield code="t">Librio (Paris)</subfield>
            <subfield code="x">1255-0337</subfield>
            <subfield code="v">30</subfield>
          </datafield>
          <datafield tag="606" ind1="1" ind2=" ">
            <subfield code="3">027331954</subfield>
            <subfield code="a">Théâtre (genre littéraire)</subfield>
            <subfield code="2">rameau</subfield>
          </datafield>
          <datafield tag="606" ind1="1" ind2=" ">
            <subfield code="3">02723696X</subfield>
            <subfield code="a">Littérature grecque</subfield>
            <subfield code="2">rameau</subfield>
          </datafield>
          <datafield tag="606" ind1="1" ind2=" ">
            <subfield code="3">027796019</subfield>
            <subfield code="a">Tragédie grecque</subfield>
            <subfield code="2">rameau</subfield>
          </datafield>
          <datafield tag="676" ind1=" " ind2=" ">
            <subfield code="a">808.82</subfield>
          </datafield>
          <datafield tag="700" ind1=" " ind2="1">
            <subfield code="3">027143619</subfield>
            <subfield code="a">Sophocle</subfield>
            <subfield code="f">0496?-0406 av. J.-C.</subfield>
            <subfield code="4">070</subfield>
          </datafield>
          <datafield tag="702" ind1=" " ind2="1">
            <subfield code="3">026809346</subfield>
            <subfield code="a">Dain</subfield>
            <subfield code="b">Alphonse</subfield>
            <subfield code="f">1896-1964</subfield>
            <subfield code="4">730</subfield>
          </datafield>
          <datafield tag="702" ind1=" " ind2="1">
            <subfield code="3">027020789</subfield>
            <subfield code="a">Mazon</subfield>
            <subfield code="b">Paul</subfield>
            <subfield code="f">1874-1955</subfield>
            <subfield code="4">730</subfield>
          </datafield>
          <datafield tag="801" ind1=" " ind2="3">
            <subfield code="a">FR</subfield>
            <subfield code="b">Abes</subfield>
            <subfield code="c">20060309</subfield>
            <subfield code="g">AFNOR</subfield>
          </datafield>
          <datafield tag="917" ind1=" " ind2=" ">
            <subfield code="5">974222101:262187019</subfield>
            <subfield code="a">aauu</subfield>
          </datafield>
          <datafield tag="930" ind1=" " ind2=" ">
            <subfield code="5">974222101:262187019</subfield>
            <subfield code="b">974222101</subfield>
            <subfield code="c">BU TAMPON</subfield>
            <subfield code="d">3 SC HUMAINES-GEO</subfield>
            <subfield code="a">936.6(093) SOP</subfield>
            <subfield code="j">u</subfield>
          </datafield>
          <datafield tag="915" ind1=" " ind2=" ">
            <subfield code="5">680662101:172990556</subfield>
            <subfield code="a">I/22029</subfield>
            <subfield code="b">0500085182</subfield>
          </datafield>
          <datafield tag="930" ind1=" " ind2=" ">
            <subfield code="5">680662101:172990556</subfield>
            <subfield code="b">680662101</subfield>
            <subfield code="a">R440 SOP</subfield>
            <subfield code="j">g</subfield>
          </datafield>
          <datafield tag="930" ind1=" " ind2=" ">
            <subfield code="5">103872102:150159765</subfield>
            <subfield code="b">103872102</subfield>
            <subfield code="a">808.82 SOP</subfield>
            <subfield code="j">u</subfield>
          </datafield>
        </record>
      </recordData>
      <recordPosition>56</recordPosition>
    </record>