
    <record>
      <recordSchema>dc</recordSchema>
      <recordPacking>xml</recordPacking>
      <recordData>
        <record xsi:schemaLocation="http://www.loc.gov/MARC21/slim http://www.loc.gov/standards/marcxml/schema/MARC21slim.xsd" xmlns="http://www.loc.gov/MARC21/slim" xmlns:xsi="http://www.w3.org/2001/XMLSchema-instance">
          <leader>04272cam0 2200529   4500</leader>
          <controlfield tag="001">060456124</controlfield>
          <controlfield tag="005">20040928124742.000</controlfield>
          <datafield tag="100" ind1=" " ind2=" ">
            <subfield code="a">20020415f20012001k  y0frey0103    ba</subfield>
          </datafield>
          <datafield tag="101" ind1="0" ind2=" ">
            <subfield code="a">fre</subfield>
            <subfield code="c">fre</subfield>
          </datafield>
          <datafield tag="102" ind1=" " ind2=" ">
            <subfield code="a">FR</subfield>
          </datafield>
          <datafield tag="105" ind1=" " ind2=" ">
            <subfield code="a">a   m   001yy</subfield>
          </datafield>
          <datafield tag="106" ind1=" " ind2=" ">
            <subfield code="a">r</subfield>
          </datafield>
          <datafield tag="200" ind1="1" ind2=" ">
            <subfield code="a">&lt;?char 136 ?&gt;La&lt;?char 137 ?&gt;Légende d'Oedipe dans l'art en France au XIXe siècle</subfield>
            <subfield code="b">Texte imprimé</subfield>
            <subfield code="f">Patrick Absalon</subfield>
            <subfield code="g">sous la dir. de Christine Peltre</subfield>
          </datafield>
          <datafield tag="210" ind1=" " ind2=" ">
            <subfield code="a">[S.l.]</subfield>
            <subfield code="c">[s.n.]</subfield>
            <subfield code="d">2001</subfield>
          </datafield>
          <datafield tag="215" ind1=" " ind2=" ">
            <subfield code="a">3 vol., 810 f.,219 f.[dont 131 f. de pl.]</subfield>
            <subfield code="c">ill.</subfield>
            <subfield code="d">30 cm</subfield>
          </datafield>
          <datafield tag="301" ind1=" " ind2=" ">
            <subfield code="a">Thèse : 2001STR20051</subfield>
          </datafield>
          <datafield tag="310" ind1=" " ind2=" ">
            <subfield code="a">Publication autorisée par le jury</subfield>
          </datafield>
          <datafield tag="320" ind1=" " ind2=" ">
            <subfield code="a">Bibliogr. f.671-786</subfield>
          </datafield>
          <datafield tag="330" ind1=" " ind2=" ">
            <subfield code="a">Cette thèse propose d'explorer la légende d'Œdipe et ses avatars dans l'art en France, à travers l'analyse d'œuvres diverses, peinture, sculpture, poésie et critique d'art. Elle a pour objectif de déterminer les réceptions du mythe par les artistes et plus généralement dans l'esprit du temps. Œdipe intéresse les artistes et les écrivains du XIXe siècle pour plusieurs raisons. En premier lieu, la question du mythe se pose dès lors qu'on s'interroge sur le théâtre, en particulier la tragédie. Dans un second temps, le héros thébain se place fréquemment au cœur de réflexions découlant de la philologie comparée, laquelle permet d'alimenter les nombreuses recherches de mythologie comparée. En troisième lieu, Œdipe suscite l'intérêt des archéologues qui mettent au jour les richesses du passé de la Grèce et renouvellent les études de son histoire. Enfin, deux œuvres d'art fondamentales, dont la renommée a traversé tout le siècle, ont contribué à faire d'Œdipe l'un des mythes les plus prégnants dans l'histoire culturelle du XIXe siècle : le chef-d'œuvre de Jean-Auguste Dominique Ingres de 1808 et celui de Gustave Moreau exposé en 1864.  Participant au renouvellement de la peinture d'histoire, la légende d'Œdipe a su reconquérir son statut de mythe symbolique, devenant de la sorte un maillon essentiel de la culture classique et littéraire. Mais il a également fait l'objet de nombreuses manipulations, témoignant ainsi  du pouvoir exégétique des artistes, qui en ont rapidement fait un mythe personnel. Œdipe incarne, à la fin du siècle, au même titre que les mythes d'Orphée et de Prométhée, la figure du héros tueurs de monstres, l'artiste déchiffreur des mystères de la nature</subfield>
          </datafield>
          <datafield tag="541" ind1=" " ind2=" ">
            <subfield code="a">&lt;?char 136 ?&gt;The#&lt;?char 137 ?&gt;Legend of Oedipus in Art in nineteenth-century France</subfield>
            <subfield code="z">eng</subfield>
          </datafield>
          <datafield tag="600" ind1=" " ind2="0">
            <subfield code="3">02727831X</subfield>
            <subfield code="a">Art</subfield>
            <subfield code="3">02727831X</subfield>
            <subfield code="z">19e siècle</subfield>
            <subfield code="3">027226794</subfield>
            <subfield code="y">France</subfield>
            <subfield code="3">02778987X</subfield>
            <subfield code="x">Thèmes, motifs</subfield>
            <subfield code="3">027253139</subfield>
            <subfield code="x">Thèses et écrits académiques</subfield>
            <subfield code="2">rameau</subfield>
          </datafield>
          <datafield tag="600" ind1=" " ind2="0">
            <subfield code="3">027512312</subfield>
            <subfield code="a">Oedipe</subfield>
            <subfield code="3">027512312</subfield>
            <subfield code="c">mythologie grecque</subfield>
            <subfield code="3">027966216</subfield>
            <subfield code="x">Dans l'art</subfield>
            <subfield code="3">027253139</subfield>
            <subfield code="x">Thèses et écrits académiques</subfield>
            <subfield code="2">rameau</subfield>
          </datafield>
          <datafield tag="676" ind1=" " ind2=" ">
            <subfield code="a">704.947</subfield>
            <subfield code="v">21</subfield>
          </datafield>
          <datafield tag="700" ind1=" " ind2="1">
            <subfield code="3">060456760</subfield>
            <subfield code="a">Absalon</subfield>
            <subfield code="b">Patrick</subfield>
            <subfield code="4">070</subfield>
          </datafield>
          <datafield tag="702" ind1=" " ind2="1">
            <subfield code="3">029441129</subfield>
            <subfield code="a">Peltre</subfield>
            <subfield code="b">Christine</subfield>
            <subfield code="f">1951-....</subfield>
            <subfield code="4">727</subfield>
          </datafield>
          <datafield tag="712" ind1="0" ind2="2">
            <subfield code="3">034792937</subfield>
            <subfield code="a">Université des sciences humaines</subfield>
            <subfield code="c">Strasbourg</subfield>
            <subfield code="b">UFR des sciences historiques</subfield>
            <subfield code="4">295</subfield>
          </datafield>
          <datafield tag="801" ind1=" " ind2="3">
            <subfield code="a">FR</subfield>
            <subfield code="b">Abes</subfield>
            <subfield code="c">20040928</subfield>
            <subfield code="g">AFNOR</subfield>
          </datafield>
          <datafield tag="915" ind1=" " ind2=" ">
            <subfield code="5">674821001:150012152</subfield>
            <subfield code="a">TM.500.732,2001,1</subfield>
          </datafield>
          <datafield tag="930" ind1=" " ind2=" ">
            <subfield code="5">674821001:150012152</subfield>
            <subfield code="b">674821001</subfield>
            <subfield code="c">MAGASINS</subfield>
            <subfield code="d">CONSULT.SALLE</subfield>
            <subfield code="a">TM.500.732,2001,1</subfield>
            <subfield code="j">u</subfield>
          </datafield>
          <datafield tag="990" ind1=" " ind2=" ">
            <subfield code="5">674821001:150012152</subfield>
            <subfield code="0">FBFM</subfield>
          </datafield>
          <datafield tag="915" ind1=" " ind2=" ">
            <subfield code="5">674821001:150012306</subfield>
            <subfield code="a">TM.500.732,2001,2</subfield>
          </datafield>
          <datafield tag="930" ind1=" " ind2=" ">
            <subfield code="5">674821001:150012306</subfield>
            <subfield code="b">674821001</subfield>
            <subfield code="c">MAGASINS</subfield>
            <subfield code="d">CONSULT.SALLE</subfield>
            <subfield code="a">TM.500.732,2001,2</subfield>
            <subfield code="j">u</subfield>
          </datafield>
          <datafield tag="990" ind1=" " ind2=" ">
            <subfield code="5">674821001:150012306</subfield>
            <subfield code="0">FBFM</subfield>
          </datafield>
          <datafield tag="915" ind1=" " ind2=" ">
            <subfield code="5">674821001:150013108</subfield>
            <subfield code="a">M.500.732,2001,3</subfield>
          </datafield>
          <datafield tag="930" ind1=" " ind2=" ">
            <subfield code="5">674821001:150013108</subfield>
            <subfield code="b">674821001</subfield>
            <subfield code="c">MAGASINS</subfield>
            <subfield code="d">CONSULT.SAL.5</subfield>
            <subfield code="a">M.500.732,2001,3</subfield>
            <subfield code="j">g</subfield>
          </datafield>
          <datafield tag="990" ind1=" " ind2=" ">
            <subfield code="5">674821001:150013108</subfield>
            <subfield code="0">FBFM</subfield>
          </datafield>
          <datafield tag="915" ind1=" " ind2=" ">
            <subfield code="5">674821001:150012527</subfield>
            <subfield code="a">M.500.732,2001,1</subfield>
          </datafield>
          <datafield tag="930" ind1=" " ind2=" ">
            <subfield code="5">674821001:150012527</subfield>
            <subfield code="b">674821001</subfield>
            <subfield code="c">MAGASINS</subfield>
            <subfield code="d">CONSULT.SAL.5</subfield>
            <subfield code="a">M.500.732,2001,1</subfield>
            <subfield code="j">g</subfield>
          </datafield>
          <datafield tag="990" ind1=" " ind2=" ">
            <subfield code="5">674821001:150012527</subfield>
            <subfield code="0">FBFM</subfield>
          </datafield>
          <datafield tag="915" ind1=" " ind2=" ">
            <subfield code="5">674821001:150012721</subfield>
            <subfield code="a">M.500.732,2001,2</subfield>
          </datafield>
          <datafield tag="930" ind1=" " ind2=" ">
            <subfield code="5">674821001:150012721</subfield>
            <subfield code="b">674821001</subfield>
            <subfield code="c">MAGASINS</subfield>
            <subfield code="d">CONSULT.SAL.5</subfield>
            <subfield code="a">M.500.732,2001,2</subfield>
            <subfield code="j">g</subfield>
          </datafield>
          <datafield tag="990" ind1=" " ind2=" ">
            <subfield code="5">674821001:150012721</subfield>
            <subfield code="0">FBFM</subfield>
          </datafield>
          <datafield tag="915" ind1=" " ind2=" ">
            <subfield code="5">674821001:150012357</subfield>
            <subfield code="a">TM.500.732,2001,3</subfield>
          </datafield>
          <datafield tag="930" ind1=" " ind2=" ">
            <subfield code="5">674821001:150012357</subfield>
            <subfield code="b">674821001</subfield>
            <subfield code="c">MAGASINS</subfield>
            <subfield code="d">CONSULT.SALLE</subfield>
            <subfield code="a">TM.500.732,2001,3</subfield>
            <subfield code="j">u</subfield>
          </datafield>
          <datafield tag="990" ind1=" " ind2=" ">
            <subfield code="5">674821001:150012357</subfield>
            <subfield code="0">FBFM</subfield>
          </datafield>
          <datafield tag="915" ind1=" " ind2=" ">
            <subfield code="5">674822107:201078902</subfield>
            <subfield code="b">0510108744</subfield>
          </datafield>
          <datafield tag="930" ind1=" " ind2=" ">
            <subfield code="5">674822107:201078902</subfield>
            <subfield code="b">674822107</subfield>
            <subfield code="a">Th N.R.ABSjg</subfield>
          </datafield>
        </record>
      </recordData>
      <recordPosition>57</recordPosition>
    </record>