
    <record>
      <recordSchema>dc</recordSchema>
      <recordPacking>xml</recordPacking>
      <recordData>
        <record xsi:schemaLocation="http://www.loc.gov/MARC21/slim http://www.loc.gov/standards/marcxml/schema/MARC21slim.xsd" xmlns="http://www.loc.gov/MARC21/slim" xmlns:xsi="http://www.w3.org/2001/XMLSchema-instance">
          <leader>06560cam0 2201369   4500</leader>
          <controlfield tag="001">059671599</controlfield>
          <controlfield tag="005">20051220102926.000</controlfield>
          <datafield tag="010" ind1=" " ind2=" ">
            <subfield code="a">2-13-051921-0</subfield>
            <subfield code="b">br.</subfield>
            <subfield code="d">75,43 F : 11,50 EUR</subfield>
          </datafield>
          <datafield tag="021" ind1=" " ind2=" ">
            <subfield code="a">FR</subfield>
            <subfield code="b">DL 01-50324 (D1)</subfield>
          </datafield>
          <datafield tag="035" ind1=" " ind2=" ">
            <subfield code="a">frBN02698703X</subfield>
          </datafield>
          <datafield tag="035" ind1=" " ind2=" ">
            <subfield code="5">130012101</subfield>
            <subfield code="a">DYNIX-BUANG-335155</subfield>
          </datafield>
          <datafield tag="100" ind1=" " ind2=" ">
            <subfield code="a">20020208d2001    m  y0frey0103    ba</subfield>
          </datafield>
          <datafield tag="101" ind1="0" ind2=" ">
            <subfield code="a">fre</subfield>
          </datafield>
          <datafield tag="102" ind1=" " ind2=" ">
            <subfield code="a">FR</subfield>
          </datafield>
          <datafield tag="105" ind1=" " ind2=" ">
            <subfield code="a">y   ||||000yy</subfield>
          </datafield>
          <datafield tag="106" ind1=" " ind2=" ">
            <subfield code="a">r</subfield>
          </datafield>
          <datafield tag="200" ind1="1" ind2=" ">
            <subfield code="a">Incestes</subfield>
            <subfield code="b">Texte imprimé</subfield>
            <subfield code="f">sous la direction de Jacques André</subfield>
          </datafield>
          <datafield tag="210" ind1=" " ind2=" ">
            <subfield code="a">Paris</subfield>
            <subfield code="c">Presses universitaires de France</subfield>
            <subfield code="d">impr. 2001</subfield>
            <subfield code="e">41-Vendôme</subfield>
            <subfield code="g">Impr. des PUF</subfield>
          </datafield>
          <datafield tag="215" ind1=" " ind2=" ">
            <subfield code="a">1 vol. (148 p.)</subfield>
            <subfield code="c">couv. ill. en coul.</subfield>
            <subfield code="d">19 cm</subfield>
          </datafield>
          <datafield tag="225" ind1="2" ind2=" ">
            <subfield code="a">Petite bibliothèque de psychanalyse</subfield>
            <subfield code="x">1295-1005</subfield>
          </datafield>
          <datafield tag="300" ind1=" " ind2=" ">
            <subfield code="a">Ouvrage composé à partir des interventions données dans le cadre du séminaire de Jacques André à Saint-Anne (1998-1999). Textes plus ou moins modifiés pour la publication.</subfield>
          </datafield>
          <datafield tag="327" ind1="1" ind2=" ">
            <subfield code="a">Le lit de Jocaste/Jacques André</subfield>
            <subfield code="a">La relation mère-enfant, nécessairement incestueuse/André Green</subfield>
            <subfield code="a">La question des représentations incestueuses en clinique de la filiation féminine/Monique Bydlowski</subfield>
            <subfield code="a">L'inceste est-il une notion psychanalytique?/Monique Cournut-Janin</subfield>
            <subfield code="a">Inceste et substance. Oedipe, Allen, les autres et nous/Françoise Héritier</subfield>
            <subfield code="a">On tue un nouveau-né. Réflexions sur l'énigme de l'infanticide/Annie Birraux</subfield>
          </datafield>
          <datafield tag="345" ind1=" " ind2=" ">
            <subfield code="b">9782130519218</subfield>
          </datafield>
          <datafield tag="410" ind1=" " ind2=" ">
            <subfield code="0">048102229</subfield>
            <subfield code="t">Petite bibliothèque de psychanalyse</subfield>
            <subfield code="x">1295-1005</subfield>
            <subfield code="v">2001</subfield>
          </datafield>
          <datafield tag="606" ind1="1" ind2=" ">
            <subfield code="3">027241505</subfield>
            <subfield code="a">Psychanalyse</subfield>
            <subfield code="2">rameau</subfield>
          </datafield>
          <datafield tag="606" ind1="1" ind2=" ">
            <subfield code="3">02767701X</subfield>
            <subfield code="a">Inceste</subfield>
            <subfield code="2">rameau</subfield>
          </datafield>
          <datafield tag="675" ind1=" " ind2=" ">
            <subfield code="a">1</subfield>
          </datafield>
          <datafield tag="676" ind1=" " ind2=" ">
            <subfield code="a">306.877</subfield>
            <subfield code="v">21</subfield>
          </datafield>
          <datafield tag="676" ind1=" " ind2=" ">
            <subfield code="a">616.858 3</subfield>
            <subfield code="v">21</subfield>
          </datafield>
          <datafield tag="676" ind1=" " ind2=" ">
            <subfield code="a">155.3</subfield>
            <subfield code="v">21</subfield>
          </datafield>
          <datafield tag="700" ind1=" " ind2="1">
            <subfield code="3">085223603</subfield>
            <subfield code="a">Green</subfield>
            <subfield code="b">André</subfield>
            <subfield code="f">1927-....</subfield>
            <subfield code="4">070</subfield>
          </datafield>
          <datafield tag="701" ind1=" " ind2="1">
            <subfield code="3">034377565</subfield>
            <subfield code="a">Bydlowski</subfield>
            <subfield code="b">Monique</subfield>
            <subfield code="4">070</subfield>
          </datafield>
          <datafield tag="701" ind1=" " ind2="1">
            <subfield code="3">035665467</subfield>
            <subfield code="a">Zaltzman</subfield>
            <subfield code="b">Nathalie</subfield>
            <subfield code="4">070</subfield>
          </datafield>
          <datafield tag="701" ind1=" " ind2="1">
            <subfield code="3">050223348</subfield>
            <subfield code="a">Cournut-Janin</subfield>
            <subfield code="b">Monique</subfield>
            <subfield code="4">070</subfield>
          </datafield>
          <datafield tag="701" ind1=" " ind2="1">
            <subfield code="3">028267818</subfield>
            <subfield code="a">Héritier</subfield>
            <subfield code="b">Françoise</subfield>
            <subfield code="f">1933-....</subfield>
            <subfield code="4">070</subfield>
          </datafield>
          <datafield tag="701" ind1=" " ind2="1">
            <subfield code="3">026729679</subfield>
            <subfield code="a">Birraux</subfield>
            <subfield code="b">Annie</subfield>
            <subfield code="4">070</subfield>
          </datafield>
          <datafield tag="702" ind1=" " ind2="1">
            <subfield code="3">028643984</subfield>
            <subfield code="a">André</subfield>
            <subfield code="b">Jacques</subfield>
            <subfield code="f">1946-....</subfield>
            <subfield code="4">651</subfield>
          </datafield>
          <datafield tag="801" ind1=" " ind2="3">
            <subfield code="a">FR</subfield>
            <subfield code="b">Abes</subfield>
            <subfield code="c">20051220</subfield>
            <subfield code="g">AFNOR</subfield>
          </datafield>
          <datafield tag="801" ind1=" " ind2="3">
            <subfield code="a">FR</subfield>
            <subfield code="b">BN</subfield>
            <subfield code="c">20051220</subfield>
            <subfield code="g">AFNOR</subfield>
          </datafield>
          <datafield tag="930" ind1=" " ind2=" ">
            <subfield code="5">130012101:152133143</subfield>
            <subfield code="b">130012101</subfield>
            <subfield code="l">627098</subfield>
            <subfield code="a">155.3 INC</subfield>
            <subfield code="j">u</subfield>
          </datafield>
          <datafield tag="915" ind1=" " ind2=" ">
            <subfield code="5">130552103:149070756</subfield>
            <subfield code="a">224007</subfield>
            <subfield code="b">0610566667</subfield>
          </datafield>
          <datafield tag="930" ind1=" " ind2=" ">
            <subfield code="5">130552103:149070756</subfield>
            <subfield code="b">130552103</subfield>
            <subfield code="c">ETUD-MT</subfield>
            <subfield code="a">WM 610 INC</subfield>
            <subfield code="j">u</subfield>
          </datafield>
          <datafield tag="930" ind1=" " ind2=" ">
            <subfield code="5">490072106:205563112</subfield>
            <subfield code="b">490072106</subfield>
            <subfield code="a">15 720 INC 020902</subfield>
            <subfield code="j">s</subfield>
          </datafield>
          <datafield tag="930" ind1=" " ind2=" ">
            <subfield code="5">330632102:147032881</subfield>
            <subfield code="b">330632102</subfield>
            <subfield code="a">306.877 INC</subfield>
            <subfield code="j">g</subfield>
          </datafield>
          <datafield tag="930" ind1=" " ind2=" ">
            <subfield code="5">290192101:147118026</subfield>
            <subfield code="b">290192101</subfield>
            <subfield code="l">376562</subfield>
            <subfield code="e">BRUL</subfield>
            <subfield code="a">156 INC</subfield>
            <subfield code="j">u</subfield>
          </datafield>
          <datafield tag="915" ind1=" " ind2=" ">
            <subfield code="5">141182101:185286488</subfield>
            <subfield code="a">272717</subfield>
            <subfield code="b">0063081853</subfield>
          </datafield>
          <datafield tag="917" ind1=" " ind2=" ">
            <subfield code="5">141182101:185286488</subfield>
            <subfield code="a">aaau</subfield>
          </datafield>
          <datafield tag="930" ind1=" " ind2=" ">
            <subfield code="5">141182101:185286488</subfield>
            <subfield code="b">141182101</subfield>
            <subfield code="c">BUDL</subfield>
            <subfield code="d">BUDL</subfield>
            <subfield code="l">CG</subfield>
            <subfield code="a">306.87 INC</subfield>
            <subfield code="j">u</subfield>
            <subfield code="2">cdd</subfield>
          </datafield>
          <datafield tag="990" ind1=" " ind2=" ">
            <subfield code="5">141182101:185286488</subfield>
            <subfield code="0">272717</subfield>
          </datafield>
          <datafield tag="930" ind1=" " ind2=" ">
            <subfield code="5">951272104:15307793X</subfield>
            <subfield code="b">951272104</subfield>
            <subfield code="a">150.195 INC</subfield>
            <subfield code="j">u</subfield>
          </datafield>
          <datafield tag="915" ind1=" " ind2=" ">
            <subfield code="5">731372101:151789916</subfield>
            <subfield code="a">N L29244</subfield>
            <subfield code="b">0322129082</subfield>
          </datafield>
          <datafield tag="930" ind1=" " ind2=" ">
            <subfield code="5">731372101:151789916</subfield>
            <subfield code="b">731372101</subfield>
            <subfield code="a">158 inc</subfield>
            <subfield code="j">u</subfield>
          </datafield>
          <datafield tag="999" ind1=" " ind2=" ">
            <subfield code="5">731372101:151789916</subfield>
            <subfield code="a">LIV</subfield>
            <subfield code="b">LIVLA</subfield>
          </datafield>
          <datafield tag="930" ind1=" " ind2=" ">
            <subfield code="5">631132102:153271787</subfield>
            <subfield code="b">631132102</subfield>
            <subfield code="j">g</subfield>
          </datafield>
          <datafield tag="930" ind1=" " ind2=" ">
            <subfield code="5">212312101:149981821</subfield>
            <subfield code="b">212312101</subfield>
            <subfield code="a">150.195 INC*BU/DL</subfield>
            <subfield code="j">u</subfield>
          </datafield>
          <datafield tag="915" ind1=" " ind2=" ">
            <subfield code="5">384212101:152082913</subfield>
            <subfield code="a">S14584</subfield>
          </datafield>
          <datafield tag="930" ind1=" " ind2=" ">
            <subfield code="5">384212101:152082913</subfield>
            <subfield code="b">384212101</subfield>
            <subfield code="a">S14584</subfield>
            <subfield code="j">u</subfield>
          </datafield>
          <datafield tag="915" ind1=" " ind2=" ">
            <subfield code="5">590092101:192252267</subfield>
            <subfield code="a">SA 42040</subfield>
            <subfield code="b">0216323172</subfield>
          </datafield>
          <datafield tag="917" ind1=" " ind2=" ">
            <subfield code="5">590092101:192252267</subfield>
            <subfield code="a">aaax</subfield>
          </datafield>
          <datafield tag="930" ind1=" " ind2=" ">
            <subfield code="5">590092101:192252267</subfield>
            <subfield code="b">590092101</subfield>
            <subfield code="a">616.858 INC</subfield>
            <subfield code="j">u</subfield>
          </datafield>
          <datafield tag="999" ind1=" " ind2=" ">
            <subfield code="5">590092101:192252267</subfield>
            <subfield code="a">0LIA</subfield>
            <subfield code="b">0MED</subfield>
          </datafield>
          <datafield tag="915" ind1=" " ind2=" ">
            <subfield code="5">590092101:192252275</subfield>
            <subfield code="a">SA 42041</subfield>
            <subfield code="b">0216323189</subfield>
          </datafield>
          <datafield tag="917" ind1=" " ind2=" ">
            <subfield code="5">590092101:192252275</subfield>
            <subfield code="a">aaax</subfield>
          </datafield>
          <datafield tag="930" ind1=" " ind2=" ">
            <subfield code="5">590092101:192252275</subfield>
            <subfield code="b">590092101</subfield>
            <subfield code="a">616.858 INC</subfield>
            <subfield code="j">u</subfield>
          </datafield>
          <datafield tag="999" ind1=" " ind2=" ">
            <subfield code="5">590092101:192252275</subfield>
            <subfield code="a">0LIA</subfield>
            <subfield code="b">0MED</subfield>
          </datafield>
          <datafield tag="915" ind1=" " ind2=" ">
            <subfield code="5">590092101:192252283</subfield>
            <subfield code="a">SA 42042</subfield>
            <subfield code="b">0216323196</subfield>
          </datafield>
          <datafield tag="917" ind1=" " ind2=" ">
            <subfield code="5">590092101:192252283</subfield>
            <subfield code="a">aaax</subfield>
          </datafield>
          <datafield tag="930" ind1=" " ind2=" ">
            <subfield code="5">590092101:192252283</subfield>
            <subfield code="b">590092101</subfield>
            <subfield code="a">SA 42042</subfield>
            <subfield code="j">u</subfield>
          </datafield>
          <datafield tag="999" ind1=" " ind2=" ">
            <subfield code="5">590092101:192252283</subfield>
            <subfield code="a">0LIM</subfield>
            <subfield code="b">0SAM</subfield>
          </datafield>
          <datafield tag="930" ind1=" " ind2=" ">
            <subfield code="5">690292101:146806174</subfield>
            <subfield code="b">690292101</subfield>
            <subfield code="j">u</subfield>
          </datafield>
          <datafield tag="930" ind1=" " ind2=" ">
            <subfield code="5">341722103:147587638</subfield>
            <subfield code="b">341722103</subfield>
            <subfield code="a">159.96 INC</subfield>
            <subfield code="j">u</subfield>
          </datafield>
          <datafield tag="930" ind1=" " ind2=" ">
            <subfield code="5">301892102:171775945</subfield>
            <subfield code="b">301892102</subfield>
            <subfield code="a">616.858 36 INC</subfield>
            <subfield code="j">u</subfield>
          </datafield>
          <datafield tag="930" ind1=" " ind2=" ">
            <subfield code="5">441092102:165089636</subfield>
            <subfield code="b">441092102</subfield>
            <subfield code="l">479505</subfield>
            <subfield code="a">616.858 INC</subfield>
            <subfield code="j">u</subfield>
          </datafield>
          <datafield tag="915" ind1=" " ind2=" ">
            <subfield code="5">060882105:167478974</subfield>
            <subfield code="a">22026-73-A</subfield>
            <subfield code="b">0940008767</subfield>
          </datafield>
          <datafield tag="917" ind1=" " ind2=" ">
            <subfield code="5">060882105:167478974</subfield>
            <subfield code="a">aaac</subfield>
          </datafield>
          <datafield tag="930" ind1=" " ind2=" ">
            <subfield code="5">060882105:167478974</subfield>
            <subfield code="b">060882105</subfield>
            <subfield code="c">BU-STJ</subfield>
            <subfield code="d">PSYCHO</subfield>
            <subfield code="a">BF 175 .5 .S48 INC</subfield>
            <subfield code="j">u</subfield>
          </datafield>
          <datafield tag="915" ind1=" " ind2=" ">
            <subfield code="5">661362102:146960041</subfield>
            <subfield code="b">0PEL0154052</subfield>
          </datafield>
          <datafield tag="930" ind1=" " ind2=" ">
            <subfield code="5">661362102:146960041</subfield>
            <subfield code="b">661362102</subfield>
            <subfield code="a">159.96 INC</subfield>
            <subfield code="i">LP</subfield>
            <subfield code="j">u</subfield>
          </datafield>
          <datafield tag="915" ind1=" " ind2=" ">
            <subfield code="5">514542102:155245813</subfield>
            <subfield code="a">LE021344</subfield>
          </datafield>
          <datafield tag="917" ind1=" " ind2=" ">
            <subfield code="5">514542102:155245813</subfield>
            <subfield code="a">aaax</subfield>
          </datafield>
          <datafield tag="930" ind1=" " ind2=" ">
            <subfield code="5">514542102:155245813</subfield>
            <subfield code="b">514542102</subfield>
            <subfield code="j">u</subfield>
          </datafield>
          <datafield tag="999" ind1=" " ind2=" ">
            <subfield code="5">514542102:155245813</subfield>
            <subfield code="a">LEOUV</subfield>
          </datafield>
          <datafield tag="915" ind1=" " ind2=" ">
            <subfield code="5">352382101:147252830</subfield>
            <subfield code="a">0285039371</subfield>
            <subfield code="b">0285039371</subfield>
          </datafield>
          <datafield tag="917" ind1=" " ind2=" ">
            <subfield code="5">352382101:147252830</subfield>
            <subfield code="a">aaaa</subfield>
          </datafield>
          <datafield tag="930" ind1=" " ind2=" ">
            <subfield code="5">352382101:147252830</subfield>
            <subfield code="b">352382101</subfield>
            <subfield code="a">S 616.858 3/80</subfield>
            <subfield code="j">u</subfield>
          </datafield>
          <datafield tag="915" ind1=" " ind2=" ">
            <subfield code="5">764512101:154366064</subfield>
            <subfield code="a">S16665</subfield>
            <subfield code="b">2000048448</subfield>
          </datafield>
          <datafield tag="930" ind1=" " ind2=" ">
            <subfield code="5">764512101:154366064</subfield>
            <subfield code="b">764512101</subfield>
            <subfield code="a">S16665</subfield>
            <subfield code="j">u</subfield>
          </datafield>
          <datafield tag="930" ind1=" " ind2=" ">
            <subfield code="5">422182102:184211956</subfield>
            <subfield code="b">422182102</subfield>
            <subfield code="a">WM 610 INC</subfield>
            <subfield code="j">u</subfield>
          </datafield>
          <datafield tag="930" ind1=" " ind2=" ">
            <subfield code="5">674821001:152224181</subfield>
            <subfield code="b">674821001</subfield>
            <subfield code="a">B.174.497</subfield>
            <subfield code="j">u</subfield>
          </datafield>
          <datafield tag="990" ind1=" " ind2=" ">
            <subfield code="5">674821001:152224181</subfield>
            <subfield code="0">FBFP</subfield>
          </datafield>
          <datafield tag="930" ind1=" " ind2=" ">
            <subfield code="5">810042101:150641265</subfield>
            <subfield code="b">810042101</subfield>
            <subfield code="a">155.3 INC</subfield>
            <subfield code="j">u</subfield>
          </datafield>
          <datafield tag="930" ind1=" " ind2=" ">
            <subfield code="5">315552102:153000996</subfield>
            <subfield code="b">315552102</subfield>
            <subfield code="a">155.646 INC</subfield>
            <subfield code="j">u</subfield>
          </datafield>
          <datafield tag="915" ind1=" " ind2=" ">
            <subfield code="5">372612102:16914996X</subfield>
            <subfield code="a">S 14075</subfield>
            <subfield code="b">0911945799</subfield>
          </datafield>
          <datafield tag="930" ind1=" " ind2=" ">
            <subfield code="5">372612102:16914996X</subfield>
            <subfield code="b">372612102</subfield>
            <subfield code="c">BU-LET</subfield>
            <subfield code="d">MAG-L</subfield>
            <subfield code="a">S 14075</subfield>
            <subfield code="j">u</subfield>
          </datafield>
          <datafield tag="999" ind1=" " ind2=" ">
            <subfield code="5">372612102:16914996X</subfield>
            <subfield code="x">306.877 INC</subfield>
          </datafield>
          <datafield tag="915" ind1=" " ind2=" ">
            <subfield code="5">372612102:169150119</subfield>
            <subfield code="a">S 14074</subfield>
            <subfield code="b">0911945782</subfield>
          </datafield>
          <datafield tag="930" ind1=" " ind2=" ">
            <subfield code="5">372612102:169150119</subfield>
            <subfield code="b">372612102</subfield>
            <subfield code="c">BU-LET</subfield>
            <subfield code="d">MAG-L</subfield>
            <subfield code="a">S 14074</subfield>
            <subfield code="j">u</subfield>
          </datafield>
          <datafield tag="999" ind1=" " ind2=" ">
            <subfield code="5">372612102:169150119</subfield>
            <subfield code="x">306.877 INC</subfield>
          </datafield>
          <datafield tag="930" ind1=" " ind2=" ">
            <subfield code="5">751182102:150472188</subfield>
            <subfield code="b">751182102</subfield>
            <subfield code="a">S 4700</subfield>
            <subfield code="j">u</subfield>
          </datafield>
          <datafield tag="930" ind1=" " ind2=" ">
            <subfield code="5">920125201:147702100</subfield>
            <subfield code="b">920125201</subfield>
            <subfield code="j">b</subfield>
          </datafield>
          <datafield tag="930" ind1=" " ind2=" ">
            <subfield code="5">920125201:147702178</subfield>
            <subfield code="b">920125201</subfield>
            <subfield code="j">b</subfield>
          </datafield>
          <datafield tag="915" ind1=" " ind2=" ">
            <subfield code="5">751052104:219594597</subfield>
            <subfield code="a">A/E 60666</subfield>
          </datafield>
          <datafield tag="930" ind1=" " ind2=" ">
            <subfield code="5">751052104:219594597</subfield>
            <subfield code="b">751052104</subfield>
            <subfield code="a">159.964.1 Inc</subfield>
            <subfield code="j">u</subfield>
          </datafield>
          <datafield tag="915" ind1=" " ind2=" ">
            <subfield code="5">930662101:164566783</subfield>
            <subfield code="b">025354885</subfield>
          </datafield>
          <datafield tag="930" ind1=" " ind2=" ">
            <subfield code="5">930662101:164566783</subfield>
            <subfield code="b">930662101</subfield>
            <subfield code="j">u</subfield>
          </datafield>
          <datafield tag="930" ind1=" " ind2=" ">
            <subfield code="5">920502102:184498724</subfield>
            <subfield code="b">920502102</subfield>
            <subfield code="a">159.964 Inc</subfield>
            <subfield code="j">u</subfield>
          </datafield>
          <datafield tag="915" ind1=" " ind2=" ">
            <subfield code="5">930792101:167645706</subfield>
            <subfield code="b">0152058856</subfield>
          </datafield>
          <datafield tag="930" ind1=" " ind2=" ">
            <subfield code="5">930792101:167645706</subfield>
            <subfield code="b">930792101</subfield>
            <subfield code="a">616.89 INC</subfield>
            <subfield code="j">u</subfield>
          </datafield>
          <datafield tag="915" ind1=" " ind2=" ">
            <subfield code="5">751052105:167480499</subfield>
            <subfield code="a">a/458410</subfield>
            <subfield code="b">1154013587</subfield>
          </datafield>
          <datafield tag="917" ind1=" " ind2=" ">
            <subfield code="5">751052105:167480499</subfield>
            <subfield code="a">aaaa</subfield>
          </datafield>
          <datafield tag="930" ind1=" " ind2=" ">
            <subfield code="5">751052105:167480499</subfield>
            <subfield code="b">751052105</subfield>
            <subfield code="c">Salle de lecture</subfield>
            <subfield code="d">Communication indirecte</subfield>
            <subfield code="a">M 8= 27489</subfield>
            <subfield code="j">u</subfield>
          </datafield>
          <datafield tag="999" ind1=" " ind2=" ">
            <subfield code="5">751052105:167480499</subfield>
            <subfield code="a">jmm</subfield>
            <subfield code="b">DSS2</subfield>
          </datafield>
          <datafield tag="915" ind1=" " ind2=" ">
            <subfield code="5">751052116:14758146X</subfield>
            <subfield code="a">B10735916</subfield>
            <subfield code="b">9106338701</subfield>
          </datafield>
          <datafield tag="917" ind1=" " ind2=" ">
            <subfield code="5">751052116:14758146X</subfield>
            <subfield code="a">aaba</subfield>
          </datafield>
          <datafield tag="930" ind1=" " ind2=" ">
            <subfield code="5">751052116:14758146X</subfield>
            <subfield code="b">751052116</subfield>
            <subfield code="a">8 R SUP 47319</subfield>
            <subfield code="j">s</subfield>
          </datafield>
          <datafield tag="915" ind1=" " ind2=" ">
            <subfield code="5">751142102:147186951</subfield>
            <subfield code="a">64918</subfield>
            <subfield code="b">3310046220</subfield>
          </datafield>
          <datafield tag="930" ind1=" " ind2=" ">
            <subfield code="5">751142102:147186951</subfield>
            <subfield code="b">751142102</subfield>
            <subfield code="c">BCU</subfield>
            <subfield code="d">LAC</subfield>
            <subfield code="e">2000</subfield>
            <subfield code="a">159.964 AND</subfield>
            <subfield code="j">u</subfield>
          </datafield>
        </record>
      </recordData>
      <recordPosition>58</recordPosition>
    </record>