
    <record>
      <recordSchema>dc</recordSchema>
      <recordPacking>xml</recordPacking>
      <recordData>
        <record xsi:schemaLocation="http://www.loc.gov/MARC21/slim http://www.loc.gov/standards/marcxml/schema/MARC21slim.xsd" xmlns="http://www.loc.gov/MARC21/slim" xmlns:xsi="http://www.w3.org/2001/XMLSchema-instance">
          <leader>02589cam0 2200613   4500</leader>
          <controlfield tag="001">059663812</controlfield>
          <controlfield tag="005">20050223090717.000</controlfield>
          <datafield tag="010" ind1=" " ind2=" ">
            <subfield code="a">0-7294-0745-4</subfield>
          </datafield>
          <datafield tag="035" ind1=" " ind2=" ">
            <subfield code="a">sib1807401</subfield>
          </datafield>
          <datafield tag="035" ind1=" " ind2=" ">
            <subfield code="5">490072106</subfield>
            <subfield code="a">01-0280222</subfield>
          </datafield>
          <datafield tag="100" ind1=" " ind2=" ">
            <subfield code="a">20020207d2001    k  y0frey0103    ba</subfield>
          </datafield>
          <datafield tag="101" ind1="0" ind2=" ">
            <subfield code="a">fre</subfield>
          </datafield>
          <datafield tag="102" ind1=" " ind2=" ">
            <subfield code="a">GB</subfield>
          </datafield>
          <datafield tag="105" ind1=" " ind2=" ">
            <subfield code="a">y|| ||||001yy</subfield>
          </datafield>
          <datafield tag="106" ind1=" " ind2=" ">
            <subfield code="a">r</subfield>
          </datafield>
          <datafield tag="200" ind1="1" ind2=" ">
            <subfield code="a">&lt;?char 136 ?&gt;Les &lt;?char 137 ?&gt;oeuvres complètes de Voltaire</subfield>
            <subfield code="h">1A</subfield>
            <subfield code="i">[Oeuvres de 1711-1722]</subfield>
            <subfield code="h">I</subfield>
            <subfield code="b">Texte imprimé</subfield>
            <subfield code="f">[dir. de l'édition Haydn Mason, Nicholas Cronk]</subfield>
          </datafield>
          <datafield tag="210" ind1=" " ind2=" ">
            <subfield code="a">Oxford</subfield>
            <subfield code="c">Voltaire Foundation</subfield>
            <subfield code="d">2001</subfield>
          </datafield>
          <datafield tag="215" ind1=" " ind2=" ">
            <subfield code="a">XXX-477 p.</subfield>
            <subfield code="d">23 cm</subfield>
          </datafield>
          <datafield tag="320" ind1=" " ind2=" ">
            <subfield code="a">Bibliogr. p. 463-469. Index</subfield>
          </datafield>
          <datafield tag="327" ind1="1" ind2=" ">
            <subfield code="a">Amulius et Numitor (fragments)</subfield>
            <subfield code="a">Œdipe</subfield>
            <subfield code="a">Lettres sur Œdipe</subfield>
            <subfield code="a">Artémire</subfield>
          </datafield>
          <datafield tag="501" ind1=" " ind2=" ">
            <subfield code="a">Oeuvres complètes</subfield>
          </datafield>
          <datafield tag="512" ind1=" " ind2=" ">
            <subfield code="a">Oeuvres de 1711-1722 (I)</subfield>
          </datafield>
          <datafield tag="676" ind1=" " ind2=" ">
            <subfield code="a">840</subfield>
            <subfield code="v">21</subfield>
          </datafield>
          <datafield tag="700" ind1=" " ind2="1">
            <subfield code="3">027190099</subfield>
            <subfield code="a">Voltaire</subfield>
            <subfield code="f">1694-1778</subfield>
            <subfield code="4">070</subfield>
          </datafield>
          <datafield tag="702" ind1=" " ind2="1">
            <subfield code="3">028309294</subfield>
            <subfield code="a">Mason</subfield>
            <subfield code="b">Haydn</subfield>
            <subfield code="f">1929-....</subfield>
            <subfield code="4">651</subfield>
          </datafield>
          <datafield tag="702" ind1=" " ind2="1">
            <subfield code="3">051635100</subfield>
            <subfield code="a">Cronk</subfield>
            <subfield code="b">Nicholas</subfield>
            <subfield code="4">651</subfield>
          </datafield>
          <datafield tag="801" ind1=" " ind2="3">
            <subfield code="a">FR</subfield>
            <subfield code="b">Abes</subfield>
            <subfield code="c">20050223</subfield>
            <subfield code="g">AFNOR</subfield>
          </datafield>
          <datafield tag="801" ind1=" " ind2="3">
            <subfield code="a">FR</subfield>
            <subfield code="b">SF</subfield>
            <subfield code="c">20050223</subfield>
            <subfield code="g">AFNOR</subfield>
          </datafield>
          <datafield tag="915" ind1=" " ind2=" ">
            <subfield code="5">490072106:17162694X</subfield>
            <subfield code="b">32223004722039</subfield>
          </datafield>
          <datafield tag="930" ind1=" " ind2=" ">
            <subfield code="5">490072106:17162694X</subfield>
            <subfield code="b">490072106</subfield>
            <subfield code="j">u</subfield>
          </datafield>
          <datafield tag="991" ind1=" " ind2=" ">
            <subfield code="5">490072106:17162694X</subfield>
            <subfield code="a">retroangers03</subfield>
          </datafield>
          <datafield tag="915" ind1=" " ind2=" ">
            <subfield code="5">141182101:223489506</subfield>
            <subfield code="a">536793 1 A</subfield>
            <subfield code="b">0063434659</subfield>
          </datafield>
          <datafield tag="917" ind1=" " ind2=" ">
            <subfield code="5">141182101:223489506</subfield>
            <subfield code="a">aaau</subfield>
          </datafield>
          <datafield tag="930" ind1=" " ind2=" ">
            <subfield code="5">141182101:223489506</subfield>
            <subfield code="b">141182101</subfield>
            <subfield code="c">BUDL</subfield>
            <subfield code="d">BUDL</subfield>
            <subfield code="l">MAG</subfield>
            <subfield code="a">536793 1 A</subfield>
            <subfield code="j">u</subfield>
          </datafield>
          <datafield tag="930" ind1=" " ind2=" ">
            <subfield code="5">212312101:146976274</subfield>
            <subfield code="b">212312101</subfield>
            <subfield code="a">xd7043/1*bu/dl</subfield>
            <subfield code="j">u</subfield>
          </datafield>
          <datafield tag="930" ind1=" " ind2=" ">
            <subfield code="5">693872102:147199336</subfield>
            <subfield code="b">693872102</subfield>
            <subfield code="j">u</subfield>
          </datafield>
          <datafield tag="915" ind1=" " ind2=" ">
            <subfield code="5">693872101:187053839</subfield>
            <subfield code="b">20115201</subfield>
          </datafield>
          <datafield tag="930" ind1=" " ind2=" ">
            <subfield code="5">693872101:187053839</subfield>
            <subfield code="b">693872101</subfield>
            <subfield code="a">840.900 5 VOL</subfield>
            <subfield code="j">u</subfield>
          </datafield>
          <datafield tag="930" ind1=" " ind2=" ">
            <subfield code="5">341722103:199447861</subfield>
            <subfield code="b">341722103</subfield>
            <subfield code="a">XD 6036-1A</subfield>
            <subfield code="j">u</subfield>
          </datafield>
          <datafield tag="930" ind1=" " ind2=" ">
            <subfield code="5">441092102:168002191</subfield>
            <subfield code="b">441092102</subfield>
            <subfield code="l">479655</subfield>
            <subfield code="a">XD 390239</subfield>
            <subfield code="j">u</subfield>
          </datafield>
          <datafield tag="930" ind1=" " ind2=" ">
            <subfield code="5">987352101:214271250</subfield>
            <subfield code="b">987352101</subfield>
            <subfield code="a">840"17" VOL</subfield>
            <subfield code="j">u</subfield>
          </datafield>
          <datafield tag="915" ind1=" " ind2=" ">
            <subfield code="5">861942101:14677793X</subfield>
            <subfield code="b">0345654</subfield>
          </datafield>
          <datafield tag="930" ind1=" " ind2=" ">
            <subfield code="5">861942101:14677793X</subfield>
            <subfield code="b">861942101</subfield>
            <subfield code="c">Magasins</subfield>
            <subfield code="a">XD 90013-I-A</subfield>
            <subfield code="j">u</subfield>
          </datafield>
          <datafield tag="930" ind1=" " ind2=" ">
            <subfield code="5">674821001:171321146</subfield>
            <subfield code="b">674821001</subfield>
            <subfield code="a">CD.501.511,1A</subfield>
            <subfield code="j">u</subfield>
          </datafield>
          <datafield tag="990" ind1=" " ind2=" ">
            <subfield code="5">674821001:171321146</subfield>
            <subfield code="0">FBFL</subfield>
          </datafield>
          <datafield tag="930" ind1=" " ind2=" ">
            <subfield code="5">315552102:152170294</subfield>
            <subfield code="b">315552102</subfield>
            <subfield code="a">XD 12279-1A</subfield>
            <subfield code="j">u</subfield>
          </datafield>
          <datafield tag="930" ind1=" " ind2=" ">
            <subfield code="5">920502102:173089127</subfield>
            <subfield code="b">920502102</subfield>
            <subfield code="a">840"17" VOL 1</subfield>
            <subfield code="j">g</subfield>
          </datafield>
          <datafield tag="915" ind1=" " ind2=" ">
            <subfield code="5">751052105:148393535</subfield>
            <subfield code="a">751052105a/454705</subfield>
            <subfield code="b">1153653357</subfield>
          </datafield>
          <datafield tag="917" ind1=" " ind2=" ">
            <subfield code="5">751052105:148393535</subfield>
            <subfield code="a">aaxx</subfield>
          </datafield>
          <datafield tag="930" ind1=" " ind2=" ">
            <subfield code="5">751052105:148393535</subfield>
            <subfield code="b">751052105</subfield>
            <subfield code="d">a</subfield>
            <subfield code="a">M 8= 19588</subfield>
            <subfield code="j">u</subfield>
          </datafield>
          <datafield tag="999" ind1=" " ind2=" ">
            <subfield code="5">751052105:148393535</subfield>
            <subfield code="a">M 8= 19588</subfield>
            <subfield code="b">751052105a</subfield>
            <subfield code="d">1</subfield>
            <subfield code="e">1</subfield>
            <subfield code="x">751052105a/454705</subfield>
            <subfield code="y">1153653357</subfield>
            <subfield code="5">17.10.2001/752105/dir</subfield>
          </datafield>
          <datafield tag="915" ind1=" " ind2=" ">
            <subfield code="5">751052116:152176640</subfield>
            <subfield code="a">B10728242</subfield>
            <subfield code="b">9106316327</subfield>
          </datafield>
          <datafield tag="917" ind1=" " ind2=" ">
            <subfield code="5">751052116:152176640</subfield>
            <subfield code="a">aaba</subfield>
          </datafield>
          <datafield tag="930" ind1=" " ind2=" ">
            <subfield code="5">751052116:152176640</subfield>
            <subfield code="b">751052116</subfield>
            <subfield code="a">8 Y SUP 37395 (1 A)</subfield>
            <subfield code="j">s</subfield>
          </datafield>
        </record>
      </recordData>
      <recordPosition>59</recordPosition>
    </record>