
    <record>
      <recordSchema>dc</recordSchema>
      <recordPacking>xml</recordPacking>
      <recordData>
        <record xsi:schemaLocation="http://www.loc.gov/MARC21/slim http://www.loc.gov/standards/marcxml/schema/MARC21slim.xsd" xmlns="http://www.loc.gov/MARC21/slim" xmlns:xsi="http://www.w3.org/2001/XMLSchema-instance">
          <leader>05874cam0 2201273   4500</leader>
          <controlfield tag="001">058931104</controlfield>
          <controlfield tag="005">20051111190720.000</controlfield>
          <datafield tag="010" ind1=" " ind2=" ">
            <subfield code="a">2-221-06553-0</subfield>
            <subfield code="b">Poche</subfield>
            <subfield code="d">179.08 FRF</subfield>
          </datafield>
          <datafield tag="035" ind1=" " ind2=" ">
            <subfield code="a">DYNIX-BUNAN-479047</subfield>
          </datafield>
          <datafield tag="035" ind1=" " ind2=" ">
            <subfield code="5">800212104</subfield>
            <subfield code="a">01-0207129</subfield>
          </datafield>
          <datafield tag="100" ind1=" " ind2=" ">
            <subfield code="a">20011119d2001    k  y0frey0103    ba</subfield>
          </datafield>
          <datafield tag="101" ind1="1" ind2=" ">
            <subfield code="a">fre</subfield>
            <subfield code="c">grc</subfield>
          </datafield>
          <datafield tag="102" ind1=" " ind2=" ">
            <subfield code="a">FR</subfield>
          </datafield>
          <datafield tag="105" ind1=" " ind2=" ">
            <subfield code="a">y   z   001bd</subfield>
          </datafield>
          <datafield tag="106" ind1=" " ind2=" ">
            <subfield code="a">r</subfield>
          </datafield>
          <datafield tag="200" ind1="1" ind2=" ">
            <subfield code="a">&lt;?char 136 ?&gt;Les &lt;?char 137 ?&gt;tragiques grecs</subfield>
            <subfield code="h">1</subfield>
            <subfield code="b">Texte imprimé</subfield>
            <subfield code="i">Eschyle... Sophocle...</subfield>
            <subfield code="f">éd. établie par Louis Bardollet, Bernard Deforge et Jules Villemonteix</subfield>
            <subfield code="g">ouvrage dir. par Bernard Deforge et François Jouan</subfield>
          </datafield>
          <datafield tag="210" ind1=" " ind2=" ">
            <subfield code="a">Paris</subfield>
            <subfield code="c">R. Laffont</subfield>
            <subfield code="d">2001</subfield>
            <subfield code="e">Turin</subfield>
            <subfield code="g">Impr. G. Canale &amp;amp; C.S.p.A.</subfield>
          </datafield>
          <datafield tag="215" ind1=" " ind2=" ">
            <subfield code="a">823 p.</subfield>
            <subfield code="c">couv. ill. en coul.</subfield>
            <subfield code="d">20 cm</subfield>
          </datafield>
          <datafield tag="225" ind1="0" ind2=" ">
            <subfield code="a">Bouquins</subfield>
            <subfield code="x">0244-5913</subfield>
          </datafield>
          <datafield tag="320" ind1=" " ind2=" ">
            <subfield code="a">Bibliogr. p. [85]-87. Notes bibliogr. Index. Glossaire</subfield>
          </datafield>
          <datafield tag="327" ind1="1" ind2=" ">
            <subfield code="a">Les Perses</subfield>
            <subfield code="a">Prométhée enchaîné</subfield>
            <subfield code="a">Les Sept contre Thèbes</subfield>
            <subfield code="a">Les Suppliantes</subfield>
            <subfield code="a">Orestie : Agamemnon, les Choéphores, les Euménides</subfield>
            <subfield code="a">Ajax</subfield>
            <subfield code="a">Les Trachiniennes</subfield>
            <subfield code="a">Antigone</subfield>
            <subfield code="a">Oedipe roi</subfield>
            <subfield code="a">Electre</subfield>
            <subfield code="a">Philoctète</subfield>
            <subfield code="a">Oedipe à Colone</subfield>
          </datafield>
          <datafield tag="410" ind1=" " ind2=" ">
            <subfield code="0">001016954</subfield>
            <subfield code="t">Bouquins (Paris)</subfield>
            <subfield code="x">0244-5913</subfield>
          </datafield>
          <datafield tag="676" ind1=" " ind2=" ">
            <subfield code="a">880.2</subfield>
            <subfield code="v">99</subfield>
          </datafield>
          <datafield tag="676" ind1=" " ind2=" ">
            <subfield code="a">842</subfield>
            <subfield code="v">99a</subfield>
          </datafield>
          <datafield tag="700" ind1=" " ind2="1">
            <subfield code="3">086453033</subfield>
            <subfield code="a">Eschyle</subfield>
            <subfield code="f">0525?-0456 av. J.-C.</subfield>
            <subfield code="4">070</subfield>
          </datafield>
          <datafield tag="701" ind1=" " ind2="1">
            <subfield code="3">027143619</subfield>
            <subfield code="a">Sophocle</subfield>
            <subfield code="f">0496?-0406 av. J.-C.</subfield>
            <subfield code="4">070</subfield>
          </datafield>
          <datafield tag="702" ind1=" " ind2="1">
            <subfield code="3">026817225</subfield>
            <subfield code="a">Deforge</subfield>
            <subfield code="b">Bernard</subfield>
            <subfield code="4">651</subfield>
          </datafield>
          <datafield tag="702" ind1=" " ind2="1">
            <subfield code="3">026940698</subfield>
            <subfield code="a">Jouan</subfield>
            <subfield code="b">François</subfield>
            <subfield code="4">651</subfield>
          </datafield>
          <datafield tag="702" ind1=" " ind2="1">
            <subfield code="3">02670501X</subfield>
            <subfield code="a">Bardollet</subfield>
            <subfield code="b">Louis</subfield>
            <subfield code="4">340</subfield>
          </datafield>
          <datafield tag="702" ind1=" " ind2="1">
            <subfield code="3">059050926</subfield>
            <subfield code="a">Villemonteix</subfield>
            <subfield code="b">Jules</subfield>
            <subfield code="f">1950-....</subfield>
            <subfield code="4">340</subfield>
          </datafield>
          <datafield tag="801" ind1=" " ind2="3">
            <subfield code="a">FR</subfield>
            <subfield code="b">Abes</subfield>
            <subfield code="c">20051111</subfield>
            <subfield code="g">AFNOR</subfield>
          </datafield>
          <datafield tag="915" ind1=" " ind2=" ">
            <subfield code="5">800212104:148587461</subfield>
            <subfield code="b">0054292753</subfield>
          </datafield>
          <datafield tag="930" ind1=" " ind2=" ">
            <subfield code="5">800212104:148587461</subfield>
            <subfield code="b">800212104</subfield>
            <subfield code="a">880 TRAG</subfield>
            <subfield code="j">g</subfield>
          </datafield>
          <datafield tag="915" ind1=" " ind2=" ">
            <subfield code="5">840072101:145778215</subfield>
            <subfield code="b">0211685718</subfield>
          </datafield>
          <datafield tag="930" ind1=" " ind2=" ">
            <subfield code="5">840072101:145778215</subfield>
            <subfield code="b">840072101</subfield>
            <subfield code="c">Libre-accès</subfield>
            <subfield code="a">882 TRA</subfield>
            <subfield code="j">u</subfield>
          </datafield>
          <datafield tag="992" ind1=" " ind2=" ">
            <subfield code="5">840072101:145778215</subfield>
            <subfield code="a">882</subfield>
            <subfield code="2">cdd</subfield>
          </datafield>
          <datafield tag="930" ind1=" " ind2=" ">
            <subfield code="5">335222108:144803895</subfield>
            <subfield code="b">335222108</subfield>
            <subfield code="a">875 (091) TRA</subfield>
            <subfield code="j">u</subfield>
          </datafield>
          <datafield tag="930" ind1=" " ind2=" ">
            <subfield code="5">292322101:145317870</subfield>
            <subfield code="b">292322101</subfield>
            <subfield code="e">BRUP</subfield>
            <subfield code="a">880 TRA</subfield>
            <subfield code="j">u</subfield>
          </datafield>
          <datafield tag="915" ind1=" " ind2=" ">
            <subfield code="5">141182202:144947137</subfield>
            <subfield code="a">G9740</subfield>
            <subfield code="b">6010247825</subfield>
          </datafield>
          <datafield tag="917" ind1=" " ind2=" ">
            <subfield code="5">141182202:144947137</subfield>
            <subfield code="a">abau</subfield>
          </datafield>
          <datafield tag="930" ind1=" " ind2=" ">
            <subfield code="5">141182202:144947137</subfield>
            <subfield code="b">141182202</subfield>
            <subfield code="c">BUSH</subfield>
            <subfield code="d">BUSH</subfield>
            <subfield code="l">GR</subfield>
            <subfield code="a">306 ESCHL TR JOU/1</subfield>
            <subfield code="j">g</subfield>
          </datafield>
          <datafield tag="990" ind1=" " ind2=" ">
            <subfield code="5">141182202:144947137</subfield>
            <subfield code="0">G9740</subfield>
          </datafield>
          <datafield tag="915" ind1=" " ind2=" ">
            <subfield code="5">141182101:168997053</subfield>
            <subfield code="a">271702 1</subfield>
            <subfield code="b">0062669816</subfield>
          </datafield>
          <datafield tag="917" ind1=" " ind2=" ">
            <subfield code="5">141182101:168997053</subfield>
            <subfield code="a">aaau</subfield>
          </datafield>
          <datafield tag="930" ind1=" " ind2=" ">
            <subfield code="5">141182101:168997053</subfield>
            <subfield code="b">141182101</subfield>
            <subfield code="c">BUDL</subfield>
            <subfield code="d">BUDL</subfield>
            <subfield code="l">CG</subfield>
            <subfield code="a">882 TRA</subfield>
            <subfield code="j">u</subfield>
            <subfield code="2">cdd</subfield>
          </datafield>
          <datafield tag="990" ind1=" " ind2=" ">
            <subfield code="5">141182101:168997053</subfield>
            <subfield code="0">271702 1</subfield>
          </datafield>
          <datafield tag="930" ind1=" " ind2=" ">
            <subfield code="5">951272104:149052650</subfield>
            <subfield code="b">951272104</subfield>
            <subfield code="a">882.008 TRAG (T.1)</subfield>
            <subfield code="j">u</subfield>
          </datafield>
          <datafield tag="930" ind1=" " ind2=" ">
            <subfield code="5">631132203:211994790</subfield>
            <subfield code="b">631132203</subfield>
            <subfield code="j">u</subfield>
          </datafield>
          <datafield tag="930" ind1=" " ind2=" ">
            <subfield code="5">212312101:146877853</subfield>
            <subfield code="b">212312101</subfield>
            <subfield code="a">882 TRA 1*BU/DL</subfield>
            <subfield code="j">u</subfield>
          </datafield>
          <datafield tag="915" ind1=" " ind2=" ">
            <subfield code="5">384212101:146959035</subfield>
            <subfield code="a">XK4808/1</subfield>
          </datafield>
          <datafield tag="930" ind1=" " ind2=" ">
            <subfield code="5">384212101:146959035</subfield>
            <subfield code="b">384212101</subfield>
            <subfield code="a">882 ANTH</subfield>
            <subfield code="j">u</subfield>
          </datafield>
          <datafield tag="915" ind1=" " ind2=" ">
            <subfield code="5">974112101:198344090</subfield>
            <subfield code="b">2810420350</subfield>
          </datafield>
          <datafield tag="930" ind1=" " ind2=" ">
            <subfield code="5">974112101:198344090</subfield>
            <subfield code="b">974112101</subfield>
            <subfield code="a">875 ESCH 1</subfield>
            <subfield code="j">u</subfield>
          </datafield>
          <datafield tag="915" ind1=" " ind2=" ">
            <subfield code="5">590092233:188793399</subfield>
            <subfield code="a">020065</subfield>
            <subfield code="b">60000016101</subfield>
          </datafield>
          <datafield tag="917" ind1=" " ind2=" ">
            <subfield code="5">590092233:188793399</subfield>
            <subfield code="a">abac</subfield>
          </datafield>
          <datafield tag="930" ind1=" " ind2=" ">
            <subfield code="5">590092233:188793399</subfield>
            <subfield code="b">590092233</subfield>
            <subfield code="a">20 F 17-1</subfield>
            <subfield code="j">g</subfield>
          </datafield>
          <datafield tag="999" ind1=" " ind2=" ">
            <subfield code="5">590092233:188793399</subfield>
            <subfield code="a">6MAG</subfield>
            <subfield code="b">6TXTLA</subfield>
          </datafield>
          <datafield tag="915" ind1=" " ind2=" ">
            <subfield code="5">590092101:188793402</subfield>
            <subfield code="a">XF 22173-2</subfield>
            <subfield code="b">0216294069</subfield>
          </datafield>
          <datafield tag="917" ind1=" " ind2=" ">
            <subfield code="5">590092101:188793402</subfield>
            <subfield code="a">aaax</subfield>
          </datafield>
          <datafield tag="930" ind1=" " ind2=" ">
            <subfield code="5">590092101:188793402</subfield>
            <subfield code="b">590092101</subfield>
            <subfield code="a">882 ESC</subfield>
            <subfield code="j">u</subfield>
          </datafield>
          <datafield tag="999" ind1=" " ind2=" ">
            <subfield code="5">590092101:188793402</subfield>
            <subfield code="a">0LIA</subfield>
            <subfield code="b">0LGR</subfield>
          </datafield>
          <datafield tag="930" ind1=" " ind2=" ">
            <subfield code="5">870852107:146263332</subfield>
            <subfield code="b">870852107</subfield>
            <subfield code="a">875(082) TRA</subfield>
            <subfield code="j">u</subfield>
          </datafield>
          <datafield tag="930" ind1=" " ind2=" ">
            <subfield code="5">690292101:153842997</subfield>
            <subfield code="b">690292101</subfield>
            <subfield code="j">u</subfield>
          </datafield>
          <datafield tag="930" ind1=" " ind2=" ">
            <subfield code="5">693872102:144725673</subfield>
            <subfield code="b">693872102</subfield>
            <subfield code="j">u</subfield>
          </datafield>
          <datafield tag="930" ind1=" " ind2=" ">
            <subfield code="5">341722103:144842424</subfield>
            <subfield code="b">341722103</subfield>
            <subfield code="a">875 AES 1</subfield>
            <subfield code="j">u</subfield>
          </datafield>
          <datafield tag="930" ind1=" " ind2=" ">
            <subfield code="5">301892102:183150376</subfield>
            <subfield code="b">301892102</subfield>
            <subfield code="a">882 TRA 1</subfield>
            <subfield code="j">u</subfield>
          </datafield>
          <datafield tag="915" ind1=" " ind2=" ">
            <subfield code="5">543952103:146632370</subfield>
            <subfield code="a">0XF 8031</subfield>
            <subfield code="b">0541723144</subfield>
          </datafield>
          <datafield tag="930" ind1=" " ind2=" ">
            <subfield code="5">543952103:146632370</subfield>
            <subfield code="b">543952103</subfield>
            <subfield code="c">SL2</subfield>
            <subfield code="a">A 875 ESC 1</subfield>
            <subfield code="j">u</subfield>
          </datafield>
          <datafield tag="915" ind1=" " ind2=" ">
            <subfield code="5">441092102:181917734</subfield>
            <subfield code="a">0083816738</subfield>
            <subfield code="b">0083816738</subfield>
          </datafield>
          <datafield tag="930" ind1=" " ind2=" ">
            <subfield code="5">441092102:181917734</subfield>
            <subfield code="b">441092102</subfield>
            <subfield code="a">880 TRA</subfield>
            <subfield code="j">u</subfield>
          </datafield>
          <datafield tag="930" ind1=" " ind2=" ">
            <subfield code="5">452342103:144964384</subfield>
            <subfield code="b">452342103</subfield>
            <subfield code="a">L 01-3313</subfield>
            <subfield code="j">u</subfield>
          </datafield>
          <datafield tag="930" ind1=" " ind2=" ">
            <subfield code="5">987352101:169018407</subfield>
            <subfield code="b">987352101</subfield>
            <subfield code="a">875 TRA</subfield>
            <subfield code="j">u</subfield>
          </datafield>
          <datafield tag="999" ind1=" " ind2=" ">
            <subfield code="5">987352101:169018407</subfield>
            <subfield code="b">36161</subfield>
          </datafield>
          <datafield tag="915" ind1=" " ind2=" ">
            <subfield code="5">661362102:146201280</subfield>
            <subfield code="b">0PEL0152924</subfield>
          </datafield>
          <datafield tag="930" ind1=" " ind2=" ">
            <subfield code="5">661362102:146201280</subfield>
            <subfield code="b">661362102</subfield>
            <subfield code="a">875 ANT TRA</subfield>
            <subfield code="i">CR</subfield>
            <subfield code="j">u</subfield>
          </datafield>
          <datafield tag="915" ind1=" " ind2=" ">
            <subfield code="5">514542102:150533632</subfield>
            <subfield code="a">LE020461</subfield>
          </datafield>
          <datafield tag="917" ind1=" " ind2=" ">
            <subfield code="5">514542102:150533632</subfield>
            <subfield code="a">aaax</subfield>
          </datafield>
          <datafield tag="930" ind1=" " ind2=" ">
            <subfield code="5">514542102:150533632</subfield>
            <subfield code="b">514542102</subfield>
            <subfield code="j">u</subfield>
          </datafield>
          <datafield tag="999" ind1=" " ind2=" ">
            <subfield code="5">514542102:150533632</subfield>
            <subfield code="a">LEOUV</subfield>
          </datafield>
          <datafield tag="915" ind1=" " ind2=" ">
            <subfield code="5">352382101:149408080</subfield>
            <subfield code="a">0285001125</subfield>
            <subfield code="b">0285001125</subfield>
          </datafield>
          <datafield tag="917" ind1=" " ind2=" ">
            <subfield code="5">352382101:149408080</subfield>
            <subfield code="a">aaaa</subfield>
          </datafield>
          <datafield tag="930" ind1=" " ind2=" ">
            <subfield code="5">352382101:149408080</subfield>
            <subfield code="b">352382101</subfield>
            <subfield code="a">XF 880/TRA/390/1</subfield>
            <subfield code="j">u</subfield>
          </datafield>
          <datafield tag="930" ind1=" " ind2=" ">
            <subfield code="5">422182208:144979322</subfield>
            <subfield code="b">422182208</subfield>
            <subfield code="a">880 TRA</subfield>
            <subfield code="j">g</subfield>
          </datafield>
          <datafield tag="930" ind1=" " ind2=" ">
            <subfield code="5">422182101:148972055</subfield>
            <subfield code="b">422182101</subfield>
            <subfield code="j">u</subfield>
          </datafield>
          <datafield tag="915" ind1=" " ind2=" ">
            <subfield code="5">596062101:146039602</subfield>
            <subfield code="b">3002400503670</subfield>
          </datafield>
          <datafield tag="917" ind1=" " ind2=" ">
            <subfield code="5">596062101:146039602</subfield>
            <subfield code="a">aaac</subfield>
          </datafield>
          <datafield tag="930" ind1=" " ind2=" ">
            <subfield code="5">596062101:146039602</subfield>
            <subfield code="b">596062101</subfield>
            <subfield code="d">MHOUY</subfield>
            <subfield code="l">SDLLP</subfield>
            <subfield code="a">PA 3828 ESC</subfield>
            <subfield code="j">u</subfield>
          </datafield>
          <datafield tag="930" ind1=" " ind2=" ">
            <subfield code="5">751052219:154661252</subfield>
            <subfield code="b">751052219</subfield>
            <subfield code="a">Tm 73</subfield>
            <subfield code="j">u</subfield>
          </datafield>
          <datafield tag="930" ind1=" " ind2=" ">
            <subfield code="5">751082101:146965957</subfield>
            <subfield code="b">751082101</subfield>
            <subfield code="a">LE 8978(1)</subfield>
            <subfield code="j">u</subfield>
          </datafield>
          <datafield tag="915" ind1=" " ind2=" ">
            <subfield code="5">751052104:148492924</subfield>
            <subfield code="a">E 60746</subfield>
          </datafield>
          <datafield tag="930" ind1=" " ind2=" ">
            <subfield code="5">751052104:148492924</subfield>
            <subfield code="b">751052104</subfield>
            <subfield code="a">875-Tra</subfield>
            <subfield code="j">u</subfield>
          </datafield>
          <datafield tag="915" ind1=" " ind2=" ">
            <subfield code="5">930662101:14611406X</subfield>
            <subfield code="b">025343212</subfield>
          </datafield>
          <datafield tag="930" ind1=" " ind2=" ">
            <subfield code="5">930662101:14611406X</subfield>
            <subfield code="b">930662101</subfield>
            <subfield code="a">875(082) Tra</subfield>
            <subfield code="j">g</subfield>
          </datafield>
          <datafield tag="915" ind1=" " ind2=" ">
            <subfield code="5">940282102:148510930</subfield>
            <subfield code="b">5200020898</subfield>
          </datafield>
          <datafield tag="917" ind1=" " ind2=" ">
            <subfield code="5">940282102:148510930</subfield>
            <subfield code="a">aaaa</subfield>
          </datafield>
          <datafield tag="930" ind1=" " ind2=" ">
            <subfield code="5">940282102:148510930</subfield>
            <subfield code="b">940282102</subfield>
            <subfield code="a">875 TRA</subfield>
            <subfield code="j">u</subfield>
          </datafield>
          <datafield tag="992" ind1=" " ind2=" ">
            <subfield code="5">940282102:148510930</subfield>
            <subfield code="a">875</subfield>
            <subfield code="2">CDU-UPVM</subfield>
          </datafield>
          <datafield tag="915" ind1=" " ind2=" ">
            <subfield code="5">751052105:154903213</subfield>
            <subfield code="a">a/457050</subfield>
            <subfield code="b">1155240920</subfield>
          </datafield>
          <datafield tag="917" ind1=" " ind2=" ">
            <subfield code="5">751052105:154903213</subfield>
            <subfield code="a">aaaa</subfield>
          </datafield>
          <datafield tag="930" ind1=" " ind2=" ">
            <subfield code="5">751052105:154903213</subfield>
            <subfield code="b">751052105</subfield>
            <subfield code="c">Salle de lecture</subfield>
            <subfield code="d">Communication indirecte</subfield>
            <subfield code="a">M 8= 23842</subfield>
            <subfield code="j">u</subfield>
          </datafield>
          <datafield tag="999" ind1=" " ind2=" ">
            <subfield code="5">751052105:154903213</subfield>
            <subfield code="a">jmm</subfield>
            <subfield code="b">DSS2</subfield>
          </datafield>
          <datafield tag="915" ind1=" " ind2=" ">
            <subfield code="5">751052116:147012163</subfield>
            <subfield code="a">B10733455</subfield>
            <subfield code="b">9106334802</subfield>
          </datafield>
          <datafield tag="917" ind1=" " ind2=" ">
            <subfield code="5">751052116:147012163</subfield>
            <subfield code="a">aaba</subfield>
          </datafield>
          <datafield tag="930" ind1=" " ind2=" ">
            <subfield code="5">751052116:147012163</subfield>
            <subfield code="b">751052116</subfield>
            <subfield code="a">8 Y SUP 78820 (1)</subfield>
            <subfield code="j">s</subfield>
          </datafield>
          <datafield tag="915" ind1=" " ind2=" ">
            <subfield code="5">751052144:221220623</subfield>
            <subfield code="a">E3</subfield>
            <subfield code="b">3350371780</subfield>
          </datafield>
          <datafield tag="930" ind1=" " ind2=" ">
            <subfield code="5">751052144:221220623</subfield>
            <subfield code="b">751052144</subfield>
            <subfield code="a">88/1 TRA</subfield>
            <subfield code="j">i</subfield>
          </datafield>
          <datafield tag="999" ind1=" " ind2=" ">
            <subfield code="5">751052144:221220623</subfield>
            <subfield code="a">EM</subfield>
            <subfield code="b">GRE4B</subfield>
          </datafield>
          <datafield tag="930" ind1=" " ind2=" ">
            <subfield code="5">130012302:270806369</subfield>
            <subfield code="b">130012302</subfield>
            <subfield code="j">u</subfield>
          </datafield>
          <datafield tag="991" ind1=" " ind2=" ">
            <subfield code="5">130012302:270806369</subfield>
            <subfield code="a">Exemplaire créé automatiquement par l'ABES</subfield>
          </datafield>
        </record>
      </recordData>
      <recordPosition>60</recordPosition>
    </record>