
    <record>
      <recordSchema>dc</recordSchema>
      <recordPacking>xml</recordPacking>
      <recordData>
        <record xsi:schemaLocation="http://www.loc.gov/MARC21/slim http://www.loc.gov/standards/marcxml/schema/MARC21slim.xsd" xmlns="http://www.loc.gov/MARC21/slim" xmlns:xsi="http://www.w3.org/2001/XMLSchema-instance">
          <leader>04200cam0 2200937   4500</leader>
          <controlfield tag="001">058756086</controlfield>
          <controlfield tag="005">20030626142249.000</controlfield>
          <datafield tag="010" ind1=" " ind2=" ">
            <subfield code="a">2-228-89473-7</subfield>
            <subfield code="b">br</subfield>
            <subfield code="d">145 FF : 22.11 EUR</subfield>
          </datafield>
          <datafield tag="035" ind1=" " ind2=" ">
            <subfield code="a">DYNIX-BUNAN-476478</subfield>
          </datafield>
          <datafield tag="035" ind1=" " ind2=" ">
            <subfield code="5">800212102</subfield>
            <subfield code="a">alp302902</subfield>
          </datafield>
          <datafield tag="100" ind1=" " ind2=" ">
            <subfield code="a">20011108d2001    k  y0frey0103    ba</subfield>
          </datafield>
          <datafield tag="101" ind1="1" ind2=" ">
            <subfield code="a">fre</subfield>
            <subfield code="c">eng</subfield>
          </datafield>
          <datafield tag="102" ind1=" " ind2=" ">
            <subfield code="a">FR</subfield>
          </datafield>
          <datafield tag="105" ind1=" " ind2=" ">
            <subfield code="a">y   ||||000yy</subfield>
          </datafield>
          <datafield tag="106" ind1=" " ind2=" ">
            <subfield code="a">r</subfield>
          </datafield>
          <datafield tag="200" ind1="1" ind2=" ">
            <subfield code="a">&lt;?char 136 ?&gt;La &lt;?char 137 ?&gt;question du genre</subfield>
            <subfield code="b">Texte imprimé</subfield>
            <subfield code="e">et autres essais psychanalytiques</subfield>
            <subfield code="f">Darian Leader</subfield>
            <subfield code="g">trad. de l'anglais par Anna Feissel-Leibovici</subfield>
          </datafield>
          <datafield tag="210" ind1=" " ind2=" ">
            <subfield code="a">Paris</subfield>
            <subfield code="c">Payot</subfield>
            <subfield code="d">2001</subfield>
          </datafield>
          <datafield tag="215" ind1=" " ind2=" ">
            <subfield code="a">274 p.</subfield>
            <subfield code="c">couv. ill. en coul.</subfield>
            <subfield code="d">23 cm</subfield>
          </datafield>
          <datafield tag="300" ind1=" " ind2=" ">
            <subfield code="a">Contient un séminaire inédit de Mélanie Klein présenté en collab. avec Karen Horney le 31 octobre 1925 (p. 267-274) : "Sur le développement du complexe d'Oedipe" / trad. de l'allemand par Lindsay Watson</subfield>
          </datafield>
          <datafield tag="320" ind1=" " ind2=" ">
            <subfield code="a">Notes bibliogr.</subfield>
          </datafield>
          <datafield tag="423" ind1=" " ind2=" ">
            <subfield code="t">Sur le développement du complexe d'Oedipe / Mélanie Klein</subfield>
          </datafield>
          <datafield tag="454" ind1=" " ind2=" ">
            <subfield code="t">Freud's footnotes</subfield>
          </datafield>
          <datafield tag="606" ind1="1" ind2=" ">
            <subfield code="3">027458768</subfield>
            <subfield code="a">Féminité (psychologie)</subfield>
            <subfield code="2">rameau</subfield>
          </datafield>
          <datafield tag="606" ind1="1" ind2=" ">
            <subfield code="3">027248739</subfield>
            <subfield code="a">Sexualité (psychologie)</subfield>
            <subfield code="2">rameau</subfield>
          </datafield>
          <datafield tag="606" ind1="1" ind2=" ">
            <subfield code="3">02741616X</subfield>
            <subfield code="a">Masculinité (psychologie)</subfield>
            <subfield code="2">rameau</subfield>
          </datafield>
          <datafield tag="606" ind1="1" ind2=" ">
            <subfield code="3">027230600</subfield>
            <subfield code="a">Complexe d'Oedipe</subfield>
            <subfield code="2">rameau</subfield>
          </datafield>
          <datafield tag="606" ind1="1" ind2=" ">
            <subfield code="3">027241505</subfield>
            <subfield code="a">Psychanalyse</subfield>
            <subfield code="2">rameau</subfield>
          </datafield>
          <datafield tag="676" ind1=" " ind2=" ">
            <subfield code="a">150.195</subfield>
            <subfield code="v">21</subfield>
          </datafield>
          <datafield tag="676" ind1=" " ind2=" ">
            <subfield code="a">155.3</subfield>
            <subfield code="v">21</subfield>
          </datafield>
          <datafield tag="680" ind1=" " ind2=" ">
            <subfield code="a">BF 692 .2</subfield>
          </datafield>
          <datafield tag="700" ind1=" " ind2="1">
            <subfield code="3">03510533X</subfield>
            <subfield code="a">Leader</subfield>
            <subfield code="b">Darian</subfield>
            <subfield code="4">070</subfield>
          </datafield>
          <datafield tag="702" ind1=" " ind2="1">
            <subfield code="3">058756469</subfield>
            <subfield code="a">Feissel-Leibovici</subfield>
            <subfield code="b">Anna</subfield>
            <subfield code="4">730</subfield>
          </datafield>
          <datafield tag="801" ind1=" " ind2="3">
            <subfield code="a">FR</subfield>
            <subfield code="b">Abes</subfield>
            <subfield code="c">20030626</subfield>
            <subfield code="g">AFNOR</subfield>
          </datafield>
          <datafield tag="915" ind1=" " ind2=" ">
            <subfield code="5">800212102:172522358</subfield>
            <subfield code="b">0053738344</subfield>
          </datafield>
          <datafield tag="930" ind1=" " ind2=" ">
            <subfield code="5">800212102:172522358</subfield>
            <subfield code="b">800212102</subfield>
            <subfield code="a">WM 460 LEA</subfield>
            <subfield code="j">u</subfield>
          </datafield>
          <datafield tag="915" ind1=" " ind2=" ">
            <subfield code="5">490072106:173111297</subfield>
            <subfield code="b">32223004474904</subfield>
          </datafield>
          <datafield tag="930" ind1=" " ind2=" ">
            <subfield code="5">490072106:173111297</subfield>
            <subfield code="b">490072106</subfield>
            <subfield code="j">u</subfield>
          </datafield>
          <datafield tag="991" ind1=" " ind2=" ">
            <subfield code="5">490072106:173111297</subfield>
            <subfield code="a">retroangers03</subfield>
          </datafield>
          <datafield tag="915" ind1=" " ind2=" ">
            <subfield code="5">250562101:144436469</subfield>
            <subfield code="b">1144297864</subfield>
          </datafield>
          <datafield tag="930" ind1=" " ind2=" ">
            <subfield code="5">250562101:144436469</subfield>
            <subfield code="b">250562101</subfield>
            <subfield code="a">673236</subfield>
            <subfield code="j">u</subfield>
          </datafield>
          <datafield tag="930" ind1=" " ind2=" ">
            <subfield code="5">330632102:14602141X</subfield>
            <subfield code="b">330632102</subfield>
            <subfield code="a">150.195 LEA</subfield>
            <subfield code="j">g</subfield>
          </datafield>
          <datafield tag="930" ind1=" " ind2=" ">
            <subfield code="5">290192101:146534344</subfield>
            <subfield code="b">290192101</subfield>
            <subfield code="l">374825</subfield>
            <subfield code="e">BRUL</subfield>
            <subfield code="a">155.3 LEA</subfield>
            <subfield code="j">u</subfield>
          </datafield>
          <datafield tag="915" ind1=" " ind2=" ">
            <subfield code="5">590092101:192280759</subfield>
            <subfield code="a">SA 42452</subfield>
            <subfield code="b">0216294366</subfield>
          </datafield>
          <datafield tag="917" ind1=" " ind2=" ">
            <subfield code="5">590092101:192280759</subfield>
            <subfield code="a">aaax</subfield>
          </datafield>
          <datafield tag="930" ind1=" " ind2=" ">
            <subfield code="5">590092101:192280759</subfield>
            <subfield code="b">590092101</subfield>
            <subfield code="a">150.195 LEA</subfield>
            <subfield code="j">u</subfield>
          </datafield>
          <datafield tag="999" ind1=" " ind2=" ">
            <subfield code="5">590092101:192280759</subfield>
            <subfield code="a">0LIA</subfield>
            <subfield code="b">0PSY</subfield>
          </datafield>
          <datafield tag="930" ind1=" " ind2=" ">
            <subfield code="5">690292101:144399563</subfield>
            <subfield code="b">690292101</subfield>
            <subfield code="j">u</subfield>
          </datafield>
          <datafield tag="930" ind1=" " ind2=" ">
            <subfield code="5">341722103:144684772</subfield>
            <subfield code="b">341722103</subfield>
            <subfield code="a">159.96 LEA</subfield>
            <subfield code="j">u</subfield>
          </datafield>
          <datafield tag="915" ind1=" " ind2=" ">
            <subfield code="5">441092102:18189467X</subfield>
            <subfield code="a">0083809969</subfield>
            <subfield code="b">0083809969</subfield>
          </datafield>
          <datafield tag="930" ind1=" " ind2=" ">
            <subfield code="5">441092102:18189467X</subfield>
            <subfield code="b">441092102</subfield>
            <subfield code="a">150.195 LEA</subfield>
            <subfield code="j">u</subfield>
          </datafield>
          <datafield tag="915" ind1=" " ind2=" ">
            <subfield code="5">060882105:168612461</subfield>
            <subfield code="a">22026-42-A</subfield>
            <subfield code="b">0940008872</subfield>
          </datafield>
          <datafield tag="917" ind1=" " ind2=" ">
            <subfield code="5">060882105:168612461</subfield>
            <subfield code="a">aaac</subfield>
          </datafield>
          <datafield tag="930" ind1=" " ind2=" ">
            <subfield code="5">060882105:168612461</subfield>
            <subfield code="b">060882105</subfield>
            <subfield code="c">BU-STJ</subfield>
            <subfield code="d">PSYCHO</subfield>
            <subfield code="a">BF 692 .2 LEA</subfield>
            <subfield code="j">u</subfield>
          </datafield>
          <datafield tag="915" ind1=" " ind2=" ">
            <subfield code="5">352382101:144674912</subfield>
            <subfield code="a">0284996330</subfield>
            <subfield code="b">0284996330</subfield>
          </datafield>
          <datafield tag="917" ind1=" " ind2=" ">
            <subfield code="5">352382101:144674912</subfield>
            <subfield code="a">aaaa</subfield>
          </datafield>
          <datafield tag="930" ind1=" " ind2=" ">
            <subfield code="5">352382101:144674912</subfield>
            <subfield code="b">352382101</subfield>
            <subfield code="a">S 150.195/LEADE/1321</subfield>
            <subfield code="j">u</subfield>
          </datafield>
          <datafield tag="930" ind1=" " ind2=" ">
            <subfield code="5">674821001:146133552</subfield>
            <subfield code="b">674821001</subfield>
            <subfield code="a">B.173.930</subfield>
            <subfield code="j">u</subfield>
          </datafield>
          <datafield tag="990" ind1=" " ind2=" ">
            <subfield code="5">674821001:146133552</subfield>
            <subfield code="0">FBFP</subfield>
          </datafield>
          <datafield tag="930" ind1=" " ind2=" ">
            <subfield code="5">315552102:148181228</subfield>
            <subfield code="b">315552102</subfield>
            <subfield code="a">150.195 LEA</subfield>
            <subfield code="j">u</subfield>
          </datafield>
          <datafield tag="915" ind1=" " ind2=" ">
            <subfield code="5">372612102:154954454</subfield>
            <subfield code="a">S 13687</subfield>
            <subfield code="b">0911857207</subfield>
          </datafield>
          <datafield tag="930" ind1=" " ind2=" ">
            <subfield code="5">372612102:154954454</subfield>
            <subfield code="b">372612102</subfield>
            <subfield code="c">BU-LET</subfield>
            <subfield code="d">SAL-L1</subfield>
            <subfield code="a">150.195 LEA</subfield>
            <subfield code="j">u</subfield>
          </datafield>
          <datafield tag="915" ind1=" " ind2=" ">
            <subfield code="5">751132105:194901386</subfield>
            <subfield code="a">A/</subfield>
          </datafield>
          <datafield tag="930" ind1=" " ind2=" ">
            <subfield code="5">751132105:194901386</subfield>
            <subfield code="b">751132105</subfield>
            <subfield code="a">159.964 LEA</subfield>
            <subfield code="j">u</subfield>
          </datafield>
          <datafield tag="915" ind1=" " ind2=" ">
            <subfield code="5">751052104:200745956</subfield>
            <subfield code="a">A/</subfield>
          </datafield>
          <datafield tag="930" ind1=" " ind2=" ">
            <subfield code="5">751052104:200745956</subfield>
            <subfield code="b">751052104</subfield>
            <subfield code="a">159.964.1 LEA</subfield>
            <subfield code="j">u</subfield>
          </datafield>
          <datafield tag="915" ind1=" " ind2=" ">
            <subfield code="5">930662101:152552421</subfield>
            <subfield code="b">025356594</subfield>
          </datafield>
          <datafield tag="930" ind1=" " ind2=" ">
            <subfield code="5">930662101:152552421</subfield>
            <subfield code="b">930662101</subfield>
            <subfield code="j">u</subfield>
          </datafield>
          <datafield tag="930" ind1=" " ind2=" ">
            <subfield code="5">920502102:164050353</subfield>
            <subfield code="b">920502102</subfield>
            <subfield code="a">159.964 LEA  as</subfield>
            <subfield code="j">u</subfield>
          </datafield>
          <datafield tag="930" ind1=" " ind2=" ">
            <subfield code="5">920502102:164050396</subfield>
            <subfield code="b">920502102</subfield>
            <subfield code="a">159.964 LEA  c</subfield>
            <subfield code="j">u</subfield>
          </datafield>
          <datafield tag="915" ind1=" " ind2=" ">
            <subfield code="5">930792101:155345222</subfield>
            <subfield code="b">0151969412</subfield>
          </datafield>
          <datafield tag="930" ind1=" " ind2=" ">
            <subfield code="5">930792101:155345222</subfield>
            <subfield code="b">930792101</subfield>
            <subfield code="a">159.964  LEA</subfield>
            <subfield code="j">u</subfield>
          </datafield>
          <datafield tag="915" ind1=" " ind2=" ">
            <subfield code="5">751052105:15259034X</subfield>
            <subfield code="a">a/455325</subfield>
            <subfield code="b">1153607480</subfield>
          </datafield>
          <datafield tag="917" ind1=" " ind2=" ">
            <subfield code="5">751052105:15259034X</subfield>
            <subfield code="a">aaaa</subfield>
          </datafield>
          <datafield tag="930" ind1=" " ind2=" ">
            <subfield code="5">751052105:15259034X</subfield>
            <subfield code="b">751052105</subfield>
            <subfield code="c">Salle de lecture</subfield>
            <subfield code="d">Communication indirecte</subfield>
            <subfield code="a">M 8= 21155</subfield>
            <subfield code="j">u</subfield>
          </datafield>
          <datafield tag="999" ind1=" " ind2=" ">
            <subfield code="5">751052105:15259034X</subfield>
            <subfield code="a">may</subfield>
            <subfield code="b">DSS2</subfield>
          </datafield>
          <datafield tag="915" ind1=" " ind2=" ">
            <subfield code="5">751052116:155017616</subfield>
            <subfield code="a">B10741510</subfield>
            <subfield code="b">9106505608</subfield>
          </datafield>
          <datafield tag="917" ind1=" " ind2=" ">
            <subfield code="5">751052116:155017616</subfield>
            <subfield code="a">aaba</subfield>
          </datafield>
          <datafield tag="930" ind1=" " ind2=" ">
            <subfield code="5">751052116:155017616</subfield>
            <subfield code="b">751052116</subfield>
            <subfield code="a">8 R SUP 48027</subfield>
            <subfield code="j">s</subfield>
          </datafield>
          <datafield tag="915" ind1=" " ind2=" ">
            <subfield code="5">751052144:201896036</subfield>
            <subfield code="b">3350241694</subfield>
          </datafield>
          <datafield tag="930" ind1=" " ind2=" ">
            <subfield code="5">751052144:201896036</subfield>
            <subfield code="b">751052144</subfield>
            <subfield code="a">159.01 LEA</subfield>
            <subfield code="j">i</subfield>
          </datafield>
          <datafield tag="999" ind1=" " ind2=" ">
            <subfield code="5">751052144:201896036</subfield>
            <subfield code="a">EM</subfield>
            <subfield code="b">PSY3A</subfield>
          </datafield>
        </record>
      </recordData>
      <recordPosition>61</recordPosition>
    </record>