
    <record>
      <recordSchema>dc</recordSchema>
      <recordPacking>xml</recordPacking>
      <recordData>
        <record xsi:schemaLocation="http://www.loc.gov/MARC21/slim http://www.loc.gov/standards/marcxml/schema/MARC21slim.xsd" xmlns="http://www.loc.gov/MARC21/slim" xmlns:xsi="http://www.w3.org/2001/XMLSchema-instance">
          <leader>06039cam0 2201405   4500</leader>
          <controlfield tag="001">058657517</controlfield>
          <controlfield tag="005">20050225191201.000</controlfield>
          <datafield tag="010" ind1=" " ind2=" ">
            <subfield code="a">2-13-052162-2</subfield>
            <subfield code="b">br</subfield>
            <subfield code="d">42 F : 7,50 EUR</subfield>
          </datafield>
          <datafield tag="020" ind1=" " ind2=" ">
            <subfield code="a">FR</subfield>
            <subfield code="b">00140464</subfield>
          </datafield>
          <datafield tag="021" ind1=" " ind2=" ">
            <subfield code="a">FR</subfield>
            <subfield code="b">DL 01-38780 (D1)</subfield>
          </datafield>
          <datafield tag="035" ind1=" " ind2=" ">
            <subfield code="a">072989793</subfield>
          </datafield>
          <datafield tag="035" ind1=" " ind2=" ">
            <subfield code="a">ocm48053449</subfield>
          </datafield>
          <datafield tag="035" ind1=" " ind2=" ">
            <subfield code="a">DYNIX-BUFDF-141922</subfield>
          </datafield>
          <datafield tag="035" ind1=" " ind2=" ">
            <subfield code="a">frBN026748435</subfield>
          </datafield>
          <datafield tag="035" ind1=" " ind2=" ">
            <subfield code="a">DYNIX-BUNAN-476482</subfield>
          </datafield>
          <datafield tag="035" ind1=" " ind2=" ">
            <subfield code="5">130012101</subfield>
            <subfield code="a">ALP162881</subfield>
          </datafield>
          <datafield tag="100" ind1=" " ind2=" ">
            <subfield code="a">20011105d2001    k  y0frey0103    ba</subfield>
          </datafield>
          <datafield tag="101" ind1="0" ind2=" ">
            <subfield code="a">fre</subfield>
          </datafield>
          <datafield tag="102" ind1=" " ind2=" ">
            <subfield code="a">FR</subfield>
          </datafield>
          <datafield tag="105" ind1=" " ind2=" ">
            <subfield code="a">y   z   000yy</subfield>
          </datafield>
          <datafield tag="106" ind1=" " ind2=" ">
            <subfield code="a">r</subfield>
          </datafield>
          <datafield tag="200" ind1="1" ind2=" ">
            <subfield code="a">&lt;?char 136 ?&gt;Le &lt;?char 137 ?&gt;complexe d'Oedipe</subfield>
            <subfield code="b">Texte imprimé</subfield>
            <subfield code="f">Roger Perron,... Michèle Perron-Borelli,...</subfield>
          </datafield>
          <datafield tag="205" ind1=" " ind2=" ">
            <subfield code="a">3e éd. mise à jour</subfield>
          </datafield>
          <datafield tag="210" ind1=" " ind2=" ">
            <subfield code="a">Paris</subfield>
            <subfield code="c">Presses universitaires de France</subfield>
            <subfield code="d">2001</subfield>
          </datafield>
          <datafield tag="215" ind1=" " ind2=" ">
            <subfield code="a">127 p.</subfield>
            <subfield code="d">18 cm</subfield>
          </datafield>
          <datafield tag="225" ind1="2" ind2=" ">
            <subfield code="a">Que sais-je ?</subfield>
            <subfield code="v">2899</subfield>
          </datafield>
          <datafield tag="320" ind1=" " ind2=" ">
            <subfield code="a">Bibliogr. p. 125-126</subfield>
          </datafield>
          <datafield tag="345" ind1=" " ind2=" ">
            <subfield code="b">9782130521624</subfield>
          </datafield>
          <datafield tag="410" ind1=" " ind2=" ">
            <subfield code="0">013300164</subfield>
            <subfield code="t">Que sais-je ?</subfield>
            <subfield code="x">0768-0066</subfield>
            <subfield code="v">2899</subfield>
          </datafield>
          <datafield tag="606" ind1="1" ind2=" ">
            <subfield code="3">040750280</subfield>
            <subfield code="a">Complexe Oedipe</subfield>
            <subfield code="2">fmesh</subfield>
          </datafield>
          <datafield tag="606" ind1="1" ind2=" ">
            <subfield code="3">027230600</subfield>
            <subfield code="a">Complexe d'Oedipe</subfield>
            <subfield code="2">rameau</subfield>
          </datafield>
          <datafield tag="675" ind1=" " ind2=" ">
            <subfield code="a">1</subfield>
            <subfield code="v">Éd. 1967</subfield>
          </datafield>
          <datafield tag="675" ind1=" " ind2=" ">
            <subfield code="a">150.195</subfield>
            <subfield code="v">21</subfield>
            <subfield code="z">fre</subfield>
          </datafield>
          <datafield tag="676" ind1=" " ind2=" ">
            <subfield code="a">155</subfield>
          </datafield>
          <datafield tag="700" ind1=" " ind2="1">
            <subfield code="3">027067122</subfield>
            <subfield code="a">Perron</subfield>
            <subfield code="b">Roger</subfield>
            <subfield code="4">070</subfield>
          </datafield>
          <datafield tag="701" ind1=" " ind2="1">
            <subfield code="3">027067084</subfield>
            <subfield code="a">Perron-Borelli</subfield>
            <subfield code="b">Michèle</subfield>
            <subfield code="4">070</subfield>
          </datafield>
          <datafield tag="801" ind1=" " ind2="3">
            <subfield code="a">FR</subfield>
            <subfield code="b">Abes</subfield>
            <subfield code="c">20050225</subfield>
            <subfield code="g">AFNOR</subfield>
          </datafield>
          <datafield tag="801" ind1=" " ind2="1">
            <subfield code="a">US</subfield>
            <subfield code="b">OCLC</subfield>
            <subfield code="c">20050225</subfield>
            <subfield code="g">AACR2</subfield>
          </datafield>
          <datafield tag="801" ind1=" " ind2="2">
            <subfield code="a">FR</subfield>
            <subfield code="b">AUROC</subfield>
            <subfield code="c">20050225</subfield>
            <subfield code="g">AFNOR</subfield>
          </datafield>
          <datafield tag="801" ind1=" " ind2="3">
            <subfield code="a">FR</subfield>
            <subfield code="b">BN</subfield>
            <subfield code="c">20050225</subfield>
            <subfield code="g">AFNOR</subfield>
          </datafield>
          <datafield tag="930" ind1=" " ind2=" ">
            <subfield code="5">130012101:146035259</subfield>
            <subfield code="b">130012101</subfield>
            <subfield code="l">633361</subfield>
            <subfield code="a">159.1 PER</subfield>
            <subfield code="j">u</subfield>
          </datafield>
          <datafield tag="915" ind1=" " ind2=" ">
            <subfield code="5">490072106:184297907</subfield>
            <subfield code="b">32223004446332</subfield>
          </datafield>
          <datafield tag="930" ind1=" " ind2=" ">
            <subfield code="5">490072106:184297907</subfield>
            <subfield code="b">490072106</subfield>
            <subfield code="j">u</subfield>
          </datafield>
          <datafield tag="991" ind1=" " ind2=" ">
            <subfield code="5">490072106:184297907</subfield>
            <subfield code="a">retroangers03</subfield>
          </datafield>
          <datafield tag="930" ind1=" " ind2=" ">
            <subfield code="5">972332101:175042330</subfield>
            <subfield code="b">972332101</subfield>
            <subfield code="a">155.195 PER</subfield>
            <subfield code="j">u</subfield>
          </datafield>
          <datafield tag="917" ind1=" " ind2=" ">
            <subfield code="5">840072101:144628139</subfield>
            <subfield code="a">abxx</subfield>
          </datafield>
          <datafield tag="930" ind1=" " ind2=" ">
            <subfield code="5">840072101:144628139</subfield>
            <subfield code="b">840072101</subfield>
            <subfield code="e">FAVL</subfield>
            <subfield code="j">i</subfield>
          </datafield>
          <datafield tag="915" ind1=" " ind2=" ">
            <subfield code="5">900102102:147094844</subfield>
            <subfield code="b">1144880707</subfield>
          </datafield>
          <datafield tag="930" ind1=" " ind2=" ">
            <subfield code="5">900102102:147094844</subfield>
            <subfield code="b">900102102</subfield>
            <subfield code="a">150.1076</subfield>
            <subfield code="j">u</subfield>
          </datafield>
          <datafield tag="930" ind1=" " ind2=" ">
            <subfield code="5">330632103:145003019</subfield>
            <subfield code="b">330632103</subfield>
            <subfield code="a">ALC 1-2899+E3</subfield>
            <subfield code="j">u</subfield>
          </datafield>
          <datafield tag="930" ind1=" " ind2=" ">
            <subfield code="5">330632102:145740609</subfield>
            <subfield code="b">330632102</subfield>
            <subfield code="a">150.195 PER</subfield>
            <subfield code="j">u</subfield>
          </datafield>
          <datafield tag="915" ind1=" " ind2=" ">
            <subfield code="5">141182101:144959925</subfield>
            <subfield code="a">260175 2899 A</subfield>
            <subfield code="b">0062630229</subfield>
          </datafield>
          <datafield tag="917" ind1=" " ind2=" ">
            <subfield code="5">141182101:144959925</subfield>
            <subfield code="a">aaau</subfield>
          </datafield>
          <datafield tag="930" ind1=" " ind2=" ">
            <subfield code="5">141182101:144959925</subfield>
            <subfield code="b">141182101</subfield>
            <subfield code="c">BUDL</subfield>
            <subfield code="d">BUDL</subfield>
            <subfield code="l">CG</subfield>
            <subfield code="a">260175 2899 A</subfield>
            <subfield code="j">u</subfield>
          </datafield>
          <datafield tag="930" ind1=" " ind2=" ">
            <subfield code="5">951272104:236317830</subfield>
            <subfield code="b">951272104</subfield>
            <subfield code="a">QSJ 2899</subfield>
            <subfield code="j">u</subfield>
          </datafield>
          <datafield tag="991" ind1=" " ind2=" ">
            <subfield code="5">951272104:236317830</subfield>
            <subfield code="a">Rétro Cercl 2005</subfield>
          </datafield>
          <datafield tag="930" ind1=" " ind2=" ">
            <subfield code="5">590092102:182930769</subfield>
            <subfield code="b">590092102</subfield>
            <subfield code="a">150.195 PER</subfield>
            <subfield code="j">u</subfield>
          </datafield>
          <datafield tag="992" ind1=" " ind2=" ">
            <subfield code="5">590092102:182930769</subfield>
            <subfield code="a">150.195</subfield>
            <subfield code="2">Dewey</subfield>
          </datafield>
          <datafield tag="915" ind1=" " ind2=" ">
            <subfield code="5">590092101:192209353</subfield>
            <subfield code="a">SA 41409</subfield>
            <subfield code="b">0216076450</subfield>
          </datafield>
          <datafield tag="917" ind1=" " ind2=" ">
            <subfield code="5">590092101:192209353</subfield>
            <subfield code="a">aaax</subfield>
          </datafield>
          <datafield tag="930" ind1=" " ind2=" ">
            <subfield code="5">590092101:192209353</subfield>
            <subfield code="b">590092101</subfield>
            <subfield code="a">150.195 PER</subfield>
            <subfield code="j">u</subfield>
          </datafield>
          <datafield tag="999" ind1=" " ind2=" ">
            <subfield code="5">590092101:192209353</subfield>
            <subfield code="a">0LIA</subfield>
            <subfield code="b">0PSY</subfield>
          </datafield>
          <datafield tag="915" ind1=" " ind2=" ">
            <subfield code="5">590092101:192209361</subfield>
            <subfield code="a">SA 41408</subfield>
            <subfield code="b">0216076443</subfield>
          </datafield>
          <datafield tag="917" ind1=" " ind2=" ">
            <subfield code="5">590092101:192209361</subfield>
            <subfield code="a">aaax</subfield>
          </datafield>
          <datafield tag="930" ind1=" " ind2=" ">
            <subfield code="5">590092101:192209361</subfield>
            <subfield code="b">590092101</subfield>
            <subfield code="a">150.195 PER</subfield>
            <subfield code="j">u</subfield>
          </datafield>
          <datafield tag="999" ind1=" " ind2=" ">
            <subfield code="5">590092101:192209361</subfield>
            <subfield code="a">0LIA</subfield>
            <subfield code="b">0PSY</subfield>
          </datafield>
          <datafield tag="915" ind1=" " ind2=" ">
            <subfield code="5">590092101:19220937X</subfield>
            <subfield code="a">SA 41410</subfield>
            <subfield code="b">0216076467</subfield>
          </datafield>
          <datafield tag="917" ind1=" " ind2=" ">
            <subfield code="5">590092101:19220937X</subfield>
            <subfield code="a">aaax</subfield>
          </datafield>
          <datafield tag="930" ind1=" " ind2=" ">
            <subfield code="5">590092101:19220937X</subfield>
            <subfield code="b">590092101</subfield>
            <subfield code="a">SA 41410</subfield>
            <subfield code="j">u</subfield>
          </datafield>
          <datafield tag="999" ind1=" " ind2=" ">
            <subfield code="5">590092101:19220937X</subfield>
            <subfield code="a">0LIM</subfield>
            <subfield code="b">0SAM</subfield>
          </datafield>
          <datafield tag="930" ind1=" " ind2=" ">
            <subfield code="5">870852107:146038487</subfield>
            <subfield code="b">870852107</subfield>
            <subfield code="a">159.964 PER</subfield>
            <subfield code="j">u</subfield>
          </datafield>
          <datafield tag="917" ind1=" " ind2=" ">
            <subfield code="5">591832101:251173453</subfield>
            <subfield code="a">aaxx</subfield>
          </datafield>
          <datafield tag="930" ind1=" " ind2=" ">
            <subfield code="5">591832101:251173453</subfield>
            <subfield code="b">591832101</subfield>
            <subfield code="c">BU DUNKERQUE</subfield>
            <subfield code="d">SALLE BASSE</subfield>
            <subfield code="a">152.4 PER C</subfield>
            <subfield code="j">u</subfield>
          </datafield>
          <datafield tag="917" ind1=" " ind2=" ">
            <subfield code="5">621602101:251173461</subfield>
            <subfield code="a">aaxx</subfield>
          </datafield>
          <datafield tag="930" ind1=" " ind2=" ">
            <subfield code="5">621602101:251173461</subfield>
            <subfield code="b">621602101</subfield>
            <subfield code="c">BU BOULOGNE</subfield>
            <subfield code="d">QUE SAIS-JE ?</subfield>
            <subfield code="a">034.1 PER C</subfield>
            <subfield code="j">u</subfield>
          </datafield>
          <datafield tag="930" ind1=" " ind2=" ">
            <subfield code="5">690292101:144309793</subfield>
            <subfield code="b">690292101</subfield>
            <subfield code="j">u</subfield>
          </datafield>
          <datafield tag="915" ind1=" " ind2=" ">
            <subfield code="5">574632105:146076516</subfield>
            <subfield code="a">3816R</subfield>
            <subfield code="b">0314226741</subfield>
          </datafield>
          <datafield tag="930" ind1=" " ind2=" ">
            <subfield code="5">574632105:146076516</subfield>
            <subfield code="b">574632105</subfield>
            <subfield code="c">R</subfield>
            <subfield code="d">R</subfield>
            <subfield code="a">03 QUE 2899</subfield>
            <subfield code="j">g</subfield>
            <subfield code="g">150.195</subfield>
          </datafield>
          <datafield tag="915" ind1=" " ind2=" ">
            <subfield code="5">574632105:169366456</subfield>
            <subfield code="a">30684L</subfield>
            <subfield code="b">0314724148</subfield>
          </datafield>
          <datafield tag="930" ind1=" " ind2=" ">
            <subfield code="5">574632105:169366456</subfield>
            <subfield code="b">574632105</subfield>
            <subfield code="c">L</subfield>
            <subfield code="d">SH</subfield>
            <subfield code="a">150.195 PER</subfield>
            <subfield code="j">u</subfield>
          </datafield>
          <datafield tag="992" ind1=" " ind2=" ">
            <subfield code="5">574632105:169366456</subfield>
            <subfield code="a">150.195</subfield>
          </datafield>
          <datafield tag="915" ind1=" " ind2=" ">
            <subfield code="5">574632105:169366553</subfield>
            <subfield code="a">30685L</subfield>
            <subfield code="b">0314724155</subfield>
          </datafield>
          <datafield tag="930" ind1=" " ind2=" ">
            <subfield code="5">574632105:169366553</subfield>
            <subfield code="b">574632105</subfield>
            <subfield code="c">L</subfield>
            <subfield code="d">SH</subfield>
            <subfield code="a">150.195 PER</subfield>
            <subfield code="j">u</subfield>
          </datafield>
          <datafield tag="992" ind1=" " ind2=" ">
            <subfield code="5">574632105:169366553</subfield>
            <subfield code="a">150.195</subfield>
          </datafield>
          <datafield tag="930" ind1=" " ind2=" ">
            <subfield code="5">341722103:144807637</subfield>
            <subfield code="b">341722103</subfield>
            <subfield code="a">R 504-2899</subfield>
            <subfield code="j">u</subfield>
          </datafield>
          <datafield tag="930" ind1=" " ind2=" ">
            <subfield code="5">301892102:148105300</subfield>
            <subfield code="b">301892102</subfield>
            <subfield code="a">034 QUE 2899</subfield>
            <subfield code="j">u</subfield>
          </datafield>
          <datafield tag="915" ind1=" " ind2=" ">
            <subfield code="5">441092102:181894769</subfield>
            <subfield code="a">0083803905</subfield>
            <subfield code="b">0083803905</subfield>
          </datafield>
          <datafield tag="930" ind1=" " ind2=" ">
            <subfield code="5">441092102:181894769</subfield>
            <subfield code="b">441092102</subfield>
            <subfield code="a">155.3 PER</subfield>
            <subfield code="j">u</subfield>
          </datafield>
          <datafield tag="915" ind1=" " ind2=" ">
            <subfield code="5">441092102:181894777</subfield>
            <subfield code="a">0083803899</subfield>
            <subfield code="b">0083803899</subfield>
          </datafield>
          <datafield tag="930" ind1=" " ind2=" ">
            <subfield code="5">441092102:181894777</subfield>
            <subfield code="b">441092102</subfield>
            <subfield code="a">155.3 PER</subfield>
            <subfield code="j">u</subfield>
          </datafield>
          <datafield tag="915" ind1=" " ind2=" ">
            <subfield code="5">661362102:147018846</subfield>
            <subfield code="b">0PEL0155390</subfield>
          </datafield>
          <datafield tag="930" ind1=" " ind2=" ">
            <subfield code="5">661362102:147018846</subfield>
            <subfield code="b">661362102</subfield>
            <subfield code="a">QSL 2899</subfield>
            <subfield code="i">HG</subfield>
            <subfield code="j">u</subfield>
          </datafield>
          <datafield tag="915" ind1=" " ind2=" ">
            <subfield code="5">861942101:144327538</subfield>
            <subfield code="b">0345781</subfield>
          </datafield>
          <datafield tag="930" ind1=" " ind2=" ">
            <subfield code="5">861942101:144327538</subfield>
            <subfield code="b">861942101</subfield>
            <subfield code="c">Salle de lettres</subfield>
            <subfield code="a">R 231131-2899(Ed.2001)</subfield>
          </datafield>
          <datafield tag="915" ind1=" " ind2=" ">
            <subfield code="5">514542102:144568500</subfield>
            <subfield code="a">LE013347</subfield>
          </datafield>
          <datafield tag="917" ind1=" " ind2=" ">
            <subfield code="5">514542102:144568500</subfield>
            <subfield code="a">aaax</subfield>
          </datafield>
          <datafield tag="930" ind1=" " ind2=" ">
            <subfield code="5">514542102:144568500</subfield>
            <subfield code="b">514542102</subfield>
            <subfield code="j">u</subfield>
          </datafield>
          <datafield tag="999" ind1=" " ind2=" ">
            <subfield code="5">514542102:144568500</subfield>
            <subfield code="a">LEOUV</subfield>
          </datafield>
          <datafield tag="930" ind1=" " ind2=" ">
            <subfield code="5">352382103:145856445</subfield>
            <subfield code="b">352382103</subfield>
            <subfield code="a">WM 460 PER 350229/C/2899</subfield>
            <subfield code="j">u</subfield>
          </datafield>
          <datafield tag="915" ind1=" " ind2=" ">
            <subfield code="5">352382101:147590078</subfield>
            <subfield code="a">0284995753</subfield>
            <subfield code="b">0284995753</subfield>
          </datafield>
          <datafield tag="917" ind1=" " ind2=" ">
            <subfield code="5">352382101:147590078</subfield>
            <subfield code="a">aaaa</subfield>
          </datafield>
          <datafield tag="930" ind1=" " ind2=" ">
            <subfield code="5">352382101:147590078</subfield>
            <subfield code="b">352382101</subfield>
            <subfield code="a">R 1009/2899/2</subfield>
            <subfield code="j">u</subfield>
          </datafield>
          <datafield tag="930" ind1=" " ind2=" ">
            <subfield code="5">422182102:168822652</subfield>
            <subfield code="b">422182102</subfield>
            <subfield code="a">WM 460.5 PER</subfield>
            <subfield code="j">u</subfield>
          </datafield>
          <datafield tag="930" ind1=" " ind2=" ">
            <subfield code="5">315552105:145609820</subfield>
            <subfield code="b">315552105</subfield>
            <subfield code="a">WM 460 PER</subfield>
            <subfield code="j">u</subfield>
          </datafield>
          <datafield tag="930" ind1=" " ind2=" ">
            <subfield code="5">315552102:147497620</subfield>
            <subfield code="b">315552102</subfield>
            <subfield code="a">R 2003-2899</subfield>
            <subfield code="j">u</subfield>
          </datafield>
          <datafield tag="917" ind1=" " ind2=" ">
            <subfield code="5">782972101:266071546</subfield>
            <subfield code="a">aauu</subfield>
          </datafield>
          <datafield tag="930" ind1=" " ind2=" ">
            <subfield code="5">782972101:266071546</subfield>
            <subfield code="b">782972101</subfield>
            <subfield code="c">Bibliothèque St-Quentin</subfield>
            <subfield code="d">Généralités RDC</subfield>
            <subfield code="a">034 QSJ 2899</subfield>
            <subfield code="j">u</subfield>
          </datafield>
          <datafield tag="930" ind1=" " ind2=" ">
            <subfield code="5">751052102:148808271</subfield>
            <subfield code="b">751052102</subfield>
            <subfield code="a">158 PER</subfield>
            <subfield code="j">u</subfield>
          </datafield>
          <datafield tag="930" ind1=" " ind2=" ">
            <subfield code="5">751182102:144318989</subfield>
            <subfield code="b">751182102</subfield>
            <subfield code="a">Q 2899 A</subfield>
            <subfield code="j">u</subfield>
          </datafield>
          <datafield tag="930" ind1=" " ind2=" ">
            <subfield code="5">920125201:173353886</subfield>
            <subfield code="b">920125201</subfield>
            <subfield code="j">b</subfield>
          </datafield>
          <datafield tag="930" ind1=" " ind2=" ">
            <subfield code="5">751132101:145697436</subfield>
            <subfield code="b">751132101</subfield>
            <subfield code="a">WM 460 PER</subfield>
            <subfield code="j">u</subfield>
          </datafield>
          <datafield tag="915" ind1=" " ind2=" ">
            <subfield code="5">930662101:144715511</subfield>
            <subfield code="b">025343544</subfield>
          </datafield>
          <datafield tag="930" ind1=" " ind2=" ">
            <subfield code="5">930662101:144715511</subfield>
            <subfield code="b">930662101</subfield>
            <subfield code="a">2899 QSJ</subfield>
            <subfield code="j">g</subfield>
          </datafield>
          <datafield tag="930" ind1=" " ind2=" ">
            <subfield code="5">920502102:150139055</subfield>
            <subfield code="b">920502102</subfield>
            <subfield code="a">159.964 PER  c</subfield>
            <subfield code="j">u</subfield>
          </datafield>
          <datafield tag="930" ind1=" " ind2=" ">
            <subfield code="5">920502102:150139101</subfield>
            <subfield code="b">920502102</subfield>
            <subfield code="a">159.964 PER  c</subfield>
            <subfield code="j">u</subfield>
          </datafield>
          <datafield tag="930" ind1=" " ind2=" ">
            <subfield code="5">920502102:150139160</subfield>
            <subfield code="b">920502102</subfield>
            <subfield code="a">159.964 PER  c</subfield>
            <subfield code="j">u</subfield>
          </datafield>
          <datafield tag="930" ind1=" " ind2=" ">
            <subfield code="5">920502102:150139225</subfield>
            <subfield code="b">920502102</subfield>
            <subfield code="a">159.964 PER  c</subfield>
            <subfield code="j">u</subfield>
          </datafield>
          <datafield tag="915" ind1=" " ind2=" ">
            <subfield code="5">751052116:144972883</subfield>
            <subfield code="a">B10730867</subfield>
            <subfield code="b">9106330255</subfield>
          </datafield>
          <datafield tag="917" ind1=" " ind2=" ">
            <subfield code="5">751052116:144972883</subfield>
            <subfield code="a">abba</subfield>
          </datafield>
          <datafield tag="930" ind1=" " ind2=" ">
            <subfield code="5">751052116:144972883</subfield>
            <subfield code="b">751052116</subfield>
            <subfield code="a">USUEL 034 QUE</subfield>
            <subfield code="j">g</subfield>
          </datafield>
        </record>
      </recordData>
      <recordPosition>62</recordPosition>
    </record>