
    <record>
      <recordSchema>dc</recordSchema>
      <recordPacking>xml</recordPacking>
      <recordData>
        <record xsi:schemaLocation="http://www.loc.gov/MARC21/slim http://www.loc.gov/standards/marcxml/schema/MARC21slim.xsd" xmlns="http://www.loc.gov/MARC21/slim" xmlns:xsi="http://www.w3.org/2001/XMLSchema-instance">
          <leader>01054cam0 2200313   4500</leader>
          <controlfield tag="001">058490450</controlfield>
          <controlfield tag="005">20040921213206.000</controlfield>
          <datafield tag="010" ind1=" " ind2=" ">
            <subfield code="a">2-914475-01-2</subfield>
            <subfield code="b">br</subfield>
            <subfield code="d">128 F : 15 EUR</subfield>
          </datafield>
          <datafield tag="021" ind1=" " ind2=" ">
            <subfield code="a">FR</subfield>
            <subfield code="b">DL 01-22431 (D1)</subfield>
          </datafield>
          <datafield tag="035" ind1=" " ind2=" ">
            <subfield code="a">frBN026669411</subfield>
          </datafield>
          <datafield tag="100" ind1=" " ind2=" ">
            <subfield code="a">20011002d2001    |||||frey0103    ba</subfield>
          </datafield>
          <datafield tag="101" ind1="0" ind2=" ">
            <subfield code="a">fre</subfield>
          </datafield>
          <datafield tag="102" ind1=" " ind2=" ">
            <subfield code="a">FR</subfield>
          </datafield>
          <datafield tag="105" ind1=" " ind2=" ">
            <subfield code="a">y   |||||||||</subfield>
          </datafield>
          <datafield tag="200" ind1="1" ind2=" ">
            <subfield code="a">Jésus, ou la fin du complexe d'Oedipe</subfield>
            <subfield code="f">Paul Gravillon</subfield>
          </datafield>
          <datafield tag="210" ind1=" " ind2=" ">
            <subfield code="a">Villeurbanne</subfield>
            <subfield code="c">Golias</subfield>
            <subfield code="d">2001</subfield>
          </datafield>
          <datafield tag="215" ind1=" " ind2=" ">
            <subfield code="a">190 p</subfield>
            <subfield code="c">couv. ill. en coul</subfield>
            <subfield code="d">21 cm</subfield>
          </datafield>
          <datafield tag="225" ind1="0" ind2=" ">
            <subfield code="a">Chemins intérieurs</subfield>
          </datafield>
          <datafield tag="345" ind1=" " ind2=" ">
            <subfield code="b">9782914475013</subfield>
          </datafield>
          <datafield tag="410" ind1=" " ind2=" ">
            <subfield code="0">058551409</subfield>
            <subfield code="t">Chemins intérieurs</subfield>
            <subfield code="x">1627-8348</subfield>
          </datafield>
          <datafield tag="600" ind1=" " ind2="0">
            <subfield code="3">027865223</subfield>
            <subfield code="a">Jésus-Christ</subfield>
            <subfield code="3">027865223</subfield>
            <subfield code="x">Psychologie</subfield>
            <subfield code="2">rameau</subfield>
          </datafield>
          <datafield tag="605" ind1=" " ind2=" ">
            <subfield code="3">027600432</subfield>
            <subfield code="a">Bible</subfield>
            <subfield code="x">Psychologie</subfield>
            <subfield code="2">rameau</subfield>
          </datafield>
          <datafield tag="606" ind1="1" ind2=" ">
            <subfield code="3">02781081X</subfield>
            <subfield code="a">Filiation</subfield>
            <subfield code="3">027660540</subfield>
            <subfield code="x">Aspect religieux</subfield>
            <subfield code="2">rameau</subfield>
          </datafield>
          <datafield tag="675" ind1=" " ind2=" ">
            <subfield code="a">2</subfield>
            <subfield code="v">Éd. 1967</subfield>
          </datafield>
          <datafield tag="676" ind1=" " ind2=" ">
            <subfield code="a">232.019</subfield>
            <subfield code="v">21</subfield>
          </datafield>
          <datafield tag="700" ind1=" " ind2="1">
            <subfield code="3">026901439</subfield>
            <subfield code="a">Gravillon</subfield>
            <subfield code="b">Paul</subfield>
            <subfield code="f">1933-....</subfield>
            <subfield code="4">070</subfield>
          </datafield>
          <datafield tag="801" ind1=" " ind2="3">
            <subfield code="a">FR</subfield>
            <subfield code="b">Abes</subfield>
            <subfield code="c">20040921</subfield>
            <subfield code="g">AFNOR</subfield>
          </datafield>
          <datafield tag="801" ind1=" " ind2="3">
            <subfield code="a">FR</subfield>
            <subfield code="b">BN</subfield>
            <subfield code="c">20040921</subfield>
            <subfield code="g">AFNOR</subfield>
          </datafield>
          <datafield tag="930" ind1=" " ind2=" ">
            <subfield code="5">690292101:143576828</subfield>
            <subfield code="b">690292101</subfield>
            <subfield code="j">u</subfield>
          </datafield>
        </record>
      </recordData>
      <recordPosition>64</recordPosition>
    </record>