
    <record>
      <recordSchema>dc</recordSchema>
      <recordPacking>xml</recordPacking>
      <recordData>
        <record xsi:schemaLocation="http://www.loc.gov/MARC21/slim http://www.loc.gov/standards/marcxml/schema/MARC21slim.xsd" xmlns="http://www.loc.gov/MARC21/slim" xmlns:xsi="http://www.w3.org/2001/XMLSchema-instance">
          <leader>02470cam0 2200589   4500</leader>
          <controlfield tag="001">057941807</controlfield>
          <controlfield tag="005">20050429111617.000</controlfield>
          <datafield tag="010" ind1=" " ind2=" ">
            <subfield code="a">2-220-04858-6</subfield>
            <subfield code="z">2-220-04891-8</subfield>
          </datafield>
          <datafield tag="035" ind1=" " ind2=" ">
            <subfield code="5">490072106</subfield>
            <subfield code="a">01-0141330</subfield>
          </datafield>
          <datafield tag="100" ind1=" " ind2=" ">
            <subfield code="a">20010830d2001    m  y0frey0103    db</subfield>
          </datafield>
          <datafield tag="101" ind1="0" ind2=" ">
            <subfield code="a">fre</subfield>
          </datafield>
          <datafield tag="102" ind1=" " ind2=" ">
            <subfield code="a">FR</subfield>
          </datafield>
          <datafield tag="105" ind1=" " ind2=" ">
            <subfield code="a">y   ||||000yy</subfield>
          </datafield>
          <datafield tag="106" ind1=" " ind2=" ">
            <subfield code="a">r</subfield>
          </datafield>
          <datafield tag="200" ind1="1" ind2=" ">
            <subfield code="a">D'Oedipe à Frankenstein</subfield>
            <subfield code="b">Texte imprimé</subfield>
            <subfield code="e">figures du handicap</subfield>
            <subfield code="f">Simone Korff-Sausse</subfield>
          </datafield>
          <datafield tag="210" ind1=" " ind2=" ">
            <subfield code="a">Paris</subfield>
            <subfield code="c">Desclée de Brouwer</subfield>
            <subfield code="d">2001</subfield>
          </datafield>
          <datafield tag="215" ind1=" " ind2=" ">
            <subfield code="a">207 p.</subfield>
            <subfield code="c">couv. ill. en coul.</subfield>
            <subfield code="d">21 cm</subfield>
          </datafield>
          <datafield tag="225" ind1="2" ind2=" ">
            <subfield code="a">Handicaps</subfield>
          </datafield>
          <datafield tag="410" ind1=" " ind2=" ">
            <subfield code="0">013654810</subfield>
            <subfield code="t">Handicaps</subfield>
            <subfield code="x">1281-5454</subfield>
          </datafield>
          <datafield tag="606" ind1="1" ind2=" ">
            <subfield code="3">03544682X</subfield>
            <subfield code="a">Handicap</subfield>
            <subfield code="3">02779007X</subfield>
            <subfield code="x">Aspect psychologique</subfield>
            <subfield code="2">rameau</subfield>
          </datafield>
          <datafield tag="606" ind1="1" ind2=" ">
            <subfield code="3">027233529</subfield>
            <subfield code="a">Handicapés</subfield>
            <subfield code="3">028054679</subfield>
            <subfield code="x">Dans la littérature</subfield>
            <subfield code="2">rameau</subfield>
          </datafield>
          <datafield tag="606" ind1="1" ind2=" ">
            <subfield code="3">029765978</subfield>
            <subfield code="a">Représentations sociales</subfield>
            <subfield code="2">rameau</subfield>
          </datafield>
          <datafield tag="700" ind1=" " ind2="1">
            <subfield code="3">027123960</subfield>
            <subfield code="a">Korff Sausse</subfield>
            <subfield code="b">Simone</subfield>
            <subfield code="4">070</subfield>
          </datafield>
          <datafield tag="801" ind1=" " ind2="3">
            <subfield code="a">FR</subfield>
            <subfield code="b">Abes</subfield>
            <subfield code="c">20050429</subfield>
            <subfield code="g">AFNOR</subfield>
          </datafield>
          <datafield tag="915" ind1=" " ind2=" ">
            <subfield code="5">490072106:173386032</subfield>
            <subfield code="b">32223004515136</subfield>
          </datafield>
          <datafield tag="930" ind1=" " ind2=" ">
            <subfield code="5">490072106:173386032</subfield>
            <subfield code="b">490072106</subfield>
            <subfield code="j">u</subfield>
          </datafield>
          <datafield tag="991" ind1=" " ind2=" ">
            <subfield code="5">490072106:173386032</subfield>
            <subfield code="a">retroangers03</subfield>
          </datafield>
          <datafield tag="915" ind1=" " ind2=" ">
            <subfield code="5">250562101:143329286</subfield>
            <subfield code="b">1144284918</subfield>
          </datafield>
          <datafield tag="930" ind1=" " ind2=" ">
            <subfield code="5">250562101:143329286</subfield>
            <subfield code="b">250562101</subfield>
            <subfield code="a">672401</subfield>
            <subfield code="j">u</subfield>
          </datafield>
          <datafield tag="930" ind1=" " ind2=" ">
            <subfield code="5">690292101:14289656X</subfield>
            <subfield code="b">690292101</subfield>
            <subfield code="j">u</subfield>
          </datafield>
          <datafield tag="930" ind1=" " ind2=" ">
            <subfield code="5">301892102:150494629</subfield>
            <subfield code="b">301892102</subfield>
            <subfield code="a">155.2 KOR</subfield>
            <subfield code="j">u</subfield>
          </datafield>
          <datafield tag="915" ind1=" " ind2=" ">
            <subfield code="5">060882105:146690613</subfield>
            <subfield code="a">21323-56-A</subfield>
            <subfield code="b">0940007979</subfield>
          </datafield>
          <datafield tag="917" ind1=" " ind2=" ">
            <subfield code="5">060882105:146690613</subfield>
            <subfield code="a">aaac</subfield>
          </datafield>
          <datafield tag="930" ind1=" " ind2=" ">
            <subfield code="5">060882105:146690613</subfield>
            <subfield code="b">060882105</subfield>
            <subfield code="c">BU-STJ</subfield>
            <subfield code="d">PSYCHO</subfield>
            <subfield code="a">HV 1568 KOR</subfield>
            <subfield code="j">u</subfield>
          </datafield>
          <datafield tag="915" ind1=" " ind2=" ">
            <subfield code="5">352382212:14426496X</subfield>
            <subfield code="a">0283447376</subfield>
            <subfield code="b">0283447376</subfield>
          </datafield>
          <datafield tag="917" ind1=" " ind2=" ">
            <subfield code="5">352382212:14426496X</subfield>
            <subfield code="a">aaaa</subfield>
          </datafield>
          <datafield tag="930" ind1=" " ind2=" ">
            <subfield code="5">352382212:14426496X</subfield>
            <subfield code="b">352382212</subfield>
            <subfield code="a">305.9 KOR</subfield>
            <subfield code="j">u</subfield>
          </datafield>
          <datafield tag="915" ind1=" " ind2=" ">
            <subfield code="5">372612102:14919224X</subfield>
            <subfield code="a">S13376</subfield>
            <subfield code="b">0911343649</subfield>
          </datafield>
          <datafield tag="930" ind1=" " ind2=" ">
            <subfield code="5">372612102:14919224X</subfield>
            <subfield code="b">372612102</subfield>
            <subfield code="c">BU-LET</subfield>
            <subfield code="d">SAL-L1</subfield>
            <subfield code="a">155.916 KOR</subfield>
            <subfield code="j">u</subfield>
          </datafield>
          <datafield tag="915" ind1=" " ind2=" ">
            <subfield code="5">596062101:150412835</subfield>
            <subfield code="b">3002400506879</subfield>
          </datafield>
          <datafield tag="917" ind1=" " ind2=" ">
            <subfield code="5">596062101:150412835</subfield>
            <subfield code="a">aaac</subfield>
          </datafield>
          <datafield tag="930" ind1=" " ind2=" ">
            <subfield code="5">596062101:150412835</subfield>
            <subfield code="b">596062101</subfield>
            <subfield code="d">MHOUY</subfield>
            <subfield code="l">SLSHP</subfield>
            <subfield code="a">HV 1568 KOR</subfield>
            <subfield code="j">u</subfield>
          </datafield>
          <datafield tag="930" ind1=" " ind2=" ">
            <subfield code="5">751052102:143623958</subfield>
            <subfield code="b">751052102</subfield>
            <subfield code="a">S 8137</subfield>
            <subfield code="j">u</subfield>
          </datafield>
          <datafield tag="930" ind1=" " ind2=" ">
            <subfield code="5">920125201:148956637</subfield>
            <subfield code="b">920125201</subfield>
            <subfield code="j">b</subfield>
          </datafield>
          <datafield tag="915" ind1=" " ind2=" ">
            <subfield code="5">751132105:173060471</subfield>
            <subfield code="a">A/</subfield>
          </datafield>
          <datafield tag="930" ind1=" " ind2=" ">
            <subfield code="5">751132105:173060471</subfield>
            <subfield code="b">751132105</subfield>
            <subfield code="a">159.922.76 KOR</subfield>
            <subfield code="j">u</subfield>
          </datafield>
          <datafield tag="930" ind1=" " ind2=" ">
            <subfield code="5">920502102:229019730</subfield>
            <subfield code="b">920502102</subfield>
            <subfield code="a">159.922.76 KOR</subfield>
            <subfield code="j">u</subfield>
          </datafield>
          <datafield tag="915" ind1=" " ind2=" ">
            <subfield code="5">751052116:144886502</subfield>
            <subfield code="a">B10731877</subfield>
            <subfield code="b">9106016081</subfield>
          </datafield>
          <datafield tag="917" ind1=" " ind2=" ">
            <subfield code="5">751052116:144886502</subfield>
            <subfield code="a">aaba</subfield>
          </datafield>
          <datafield tag="930" ind1=" " ind2=" ">
            <subfield code="5">751052116:144886502</subfield>
            <subfield code="b">751052116</subfield>
            <subfield code="a">8 R SUP 46920</subfield>
            <subfield code="j">s</subfield>
          </datafield>
          <datafield tag="930" ind1=" " ind2=" ">
            <subfield code="5">751062103:210748486</subfield>
            <subfield code="b">751062103</subfield>
            <subfield code="c">MAGASIN</subfield>
            <subfield code="a">187820</subfield>
            <subfield code="j">u</subfield>
          </datafield>
          <datafield tag="999" ind1=" " ind2=" ">
            <subfield code="5">751062103:210748486</subfield>
            <subfield code="a">1MONM</subfield>
            <subfield code="b">1MONM</subfield>
          </datafield>
        </record>
      </recordData>
      <recordPosition>65</recordPosition>
    </record>