
    <record>
      <recordSchema>dc</recordSchema>
      <recordPacking>xml</recordPacking>
      <recordData>
        <record xsi:schemaLocation="http://www.loc.gov/MARC21/slim http://www.loc.gov/standards/marcxml/schema/MARC21slim.xsd" xmlns="http://www.loc.gov/MARC21/slim" xmlns:xsi="http://www.w3.org/2001/XMLSchema-instance">
          <leader>01643cam0 2200445   4500</leader>
          <controlfield tag="001">056277490</controlfield>
          <controlfield tag="005">20040921211431.000</controlfield>
          <datafield tag="010" ind1=" " ind2=" ">
            <subfield code="a">2-9516323-0-4</subfield>
            <subfield code="b">br</subfield>
            <subfield code="d">55 F : 8,40 EUR</subfield>
          </datafield>
          <datafield tag="020" ind1=" " ind2=" ">
            <subfield code="a">FR</subfield>
            <subfield code="b">00108564</subfield>
          </datafield>
          <datafield tag="021" ind1=" " ind2=" ">
            <subfield code="a">FR</subfield>
            <subfield code="b">DL 01-04911 (D4)</subfield>
          </datafield>
          <datafield tag="021" ind1=" " ind2=" ">
            <subfield code="a">FR</subfield>
            <subfield code="b">D.L. 2001 (ASP)</subfield>
          </datafield>
          <datafield tag="035" ind1=" " ind2=" ">
            <subfield code="a">frBN026109149</subfield>
          </datafield>
          <datafield tag="035" ind1=" " ind2=" ">
            <subfield code="a">sib1805124</subfield>
          </datafield>
          <datafield tag="100" ind1=" " ind2=" ">
            <subfield code="a">20010213d2001    |||y0frey0103    ba</subfield>
          </datafield>
          <datafield tag="101" ind1="1" ind2=" ">
            <subfield code="a">fre</subfield>
            <subfield code="c">grc</subfield>
          </datafield>
          <datafield tag="102" ind1=" " ind2=" ">
            <subfield code="a">FR</subfield>
          </datafield>
          <datafield tag="105" ind1=" " ind2=" ">
            <subfield code="a">y   zz  00|a|</subfield>
          </datafield>
          <datafield tag="106" ind1=" " ind2=" ">
            <subfield code="a">r</subfield>
          </datafield>
          <datafield tag="200" ind1="1" ind2=" ">
            <subfield code="a">Oedipe tyran</subfield>
            <subfield code="f">Sophocle</subfield>
            <subfield code="g">trad. et postf., Jean Lauxerois</subfield>
          </datafield>
          <datafield tag="210" ind1=" " ind2=" ">
            <subfield code="a">Ivry-sur-Seine</subfield>
            <subfield code="b">9 rue Gaston-Picard, 94200</subfield>
            <subfield code="c">Éd. À propos</subfield>
            <subfield code="d">2001</subfield>
            <subfield code="e">53-Mayenne</subfield>
            <subfield code="g">Impr. de la Manutention</subfield>
          </datafield>
          <datafield tag="215" ind1=" " ind2=" ">
            <subfield code="a">143 p</subfield>
            <subfield code="d">16 cm</subfield>
          </datafield>
          <datafield tag="305" ind1=" " ind2=" ">
            <subfield code="a">Traduit de: Oedipus rex</subfield>
          </datafield>
          <datafield tag="345" ind1=" " ind2=" ">
            <subfield code="b">9782951632301</subfield>
          </datafield>
          <datafield tag="454" ind1=" " ind2=" ">
            <subfield code="t">Oidipous turannos</subfield>
          </datafield>
          <datafield tag="500" ind1=" " ind2=" ">
            <subfield code="3">030706777</subfield>
            <subfield code="a">Oedipe roi</subfield>
            <subfield code="m">français</subfield>
            <subfield code="k">2001</subfield>
          </datafield>
          <datafield tag="675" ind1=" " ind2=" ">
            <subfield code="a">822</subfield>
            <subfield code="v">Éd. 1967</subfield>
          </datafield>
          <datafield tag="676" ind1=" " ind2=" ">
            <subfield code="a">882.01</subfield>
          </datafield>
          <datafield tag="700" ind1=" " ind2="1">
            <subfield code="3">027143619</subfield>
            <subfield code="a">Sophocle</subfield>
            <subfield code="f">0496?-0406 av. J.-C.</subfield>
          </datafield>
          <datafield tag="702" ind1=" " ind2="1">
            <subfield code="3">034446613</subfield>
            <subfield code="a">Lauxerois</subfield>
            <subfield code="b">Jean</subfield>
            <subfield code="f">1948-....</subfield>
          </datafield>
          <datafield tag="801" ind1=" " ind2="3">
            <subfield code="a">FR</subfield>
            <subfield code="b">Abes</subfield>
            <subfield code="c">20040921</subfield>
            <subfield code="g">AFNOR</subfield>
          </datafield>
          <datafield tag="801" ind1=" " ind2="3">
            <subfield code="a">FR</subfield>
            <subfield code="b">BN</subfield>
            <subfield code="c">20040921</subfield>
            <subfield code="g">AFNOR</subfield>
          </datafield>
          <datafield tag="801" ind1=" " ind2="3">
            <subfield code="a">FR</subfield>
            <subfield code="b">SF</subfield>
            <subfield code="c">20040921</subfield>
            <subfield code="g">AFNOR</subfield>
          </datafield>
          <datafield tag="915" ind1=" " ind2=" ">
            <subfield code="5">751052105:14837364X</subfield>
            <subfield code="a">751052105f/151295</subfield>
            <subfield code="b">1154175810</subfield>
          </datafield>
          <datafield tag="917" ind1=" " ind2=" ">
            <subfield code="5">751052105:14837364X</subfield>
            <subfield code="a">aaxx</subfield>
          </datafield>
          <datafield tag="930" ind1=" " ind2=" ">
            <subfield code="5">751052105:14837364X</subfield>
            <subfield code="b">751052105</subfield>
            <subfield code="d">ad</subfield>
            <subfield code="a">M 6= 1046</subfield>
            <subfield code="j">u</subfield>
          </datafield>
          <datafield tag="999" ind1=" " ind2=" ">
            <subfield code="5">751052105:14837364X</subfield>
            <subfield code="a">M 6= 1046</subfield>
            <subfield code="b">751052105ad</subfield>
            <subfield code="d">1</subfield>
            <subfield code="e">1</subfield>
            <subfield code="x">751052105f/151295</subfield>
            <subfield code="y">1154175810</subfield>
            <subfield code="5">18.09.2001/752105/jmm</subfield>
          </datafield>
          <datafield tag="915" ind1=" " ind2=" ">
            <subfield code="5">751052116:141102519</subfield>
            <subfield code="a">B10722856</subfield>
            <subfield code="b">9106171377</subfield>
          </datafield>
          <datafield tag="917" ind1=" " ind2=" ">
            <subfield code="5">751052116:141102519</subfield>
            <subfield code="a">aaxx</subfield>
          </datafield>
          <datafield tag="930" ind1=" " ind2=" ">
            <subfield code="5">751052116:141102519</subfield>
            <subfield code="b">751052116</subfield>
            <subfield code="a">8 Y SUP 77000</subfield>
            <subfield code="j">u</subfield>
          </datafield>
          <datafield tag="999" ind1=" " ind2=" ">
            <subfield code="5">751052116:141102519</subfield>
            <subfield code="c">BU</subfield>
            <subfield code="d">BSG</subfield>
            <subfield code="a">8 Y SUP 77000</subfield>
            <subfield code="v">9106171377</subfield>
            <subfield code="A">B10722856</subfield>
          </datafield>
        </record>
      </recordData>
      <recordPosition>66</recordPosition>
    </record>