
    <record>
      <recordSchema>dc</recordSchema>
      <recordPacking>xml</recordPacking>
      <recordData>
        <record xsi:schemaLocation="http://www.loc.gov/MARC21/slim http://www.loc.gov/standards/marcxml/schema/MARC21slim.xsd" xmlns="http://www.loc.gov/MARC21/slim" xmlns:xsi="http://www.w3.org/2001/XMLSchema-instance">
          <leader>05659cam0 2201273   4500</leader>
          <controlfield tag="001">055770665</controlfield>
          <controlfield tag="005">20050426115019.000</controlfield>
          <datafield tag="010" ind1=" " ind2=" ">
            <subfield code="a">2-07-076111-8</subfield>
            <subfield code="b">br</subfield>
            <subfield code="d">70 F : 10,67 EUR</subfield>
          </datafield>
          <datafield tag="020" ind1=" " ind2=" ">
            <subfield code="a">FR</subfield>
            <subfield code="b">00123075</subfield>
          </datafield>
          <datafield tag="021" ind1=" " ind2=" ">
            <subfield code="a">FR</subfield>
            <subfield code="b">DL 01-14990 (D1)</subfield>
          </datafield>
          <datafield tag="035" ind1=" " ind2=" ">
            <subfield code="a">sib1760509</subfield>
          </datafield>
          <datafield tag="035" ind1=" " ind2=" ">
            <subfield code="a">ocm47735645</subfield>
          </datafield>
          <datafield tag="035" ind1=" " ind2=" ">
            <subfield code="a">frBN026395818</subfield>
          </datafield>
          <datafield tag="035" ind1=" " ind2=" ">
            <subfield code="a">DYNIX-BUNAN-464209</subfield>
          </datafield>
          <datafield tag="035" ind1=" " ind2=" ">
            <subfield code="5">130012101</subfield>
            <subfield code="a">515754</subfield>
          </datafield>
          <datafield tag="100" ind1=" " ind2=" ">
            <subfield code="a">20010613d2001    m  y0frey0103    ba</subfield>
          </datafield>
          <datafield tag="101" ind1="0" ind2=" ">
            <subfield code="a">fre</subfield>
          </datafield>
          <datafield tag="102" ind1=" " ind2=" ">
            <subfield code="a">FR</subfield>
          </datafield>
          <datafield tag="105" ind1=" " ind2=" ">
            <subfield code="a">y   zz  00|z|</subfield>
          </datafield>
          <datafield tag="106" ind1=" " ind2=" ">
            <subfield code="a">r</subfield>
          </datafield>
          <datafield tag="200" ind1="1" ind2=" ">
            <subfield code="a">Filiations</subfield>
            <subfield code="b">Texte imprimé</subfield>
            <subfield code="e">l'avenir du complexe d'Œdipe</subfield>
            <subfield code="f">Wladimir Granoff</subfield>
          </datafield>
          <datafield tag="210" ind1=" " ind2=" ">
            <subfield code="a">Paris</subfield>
            <subfield code="c">Gallimard</subfield>
            <subfield code="d">2001</subfield>
          </datafield>
          <datafield tag="215" ind1=" " ind2=" ">
            <subfield code="a">551 p.</subfield>
            <subfield code="c">couv. ill.</subfield>
            <subfield code="d">19 cm</subfield>
          </datafield>
          <datafield tag="225" ind1="0" ind2=" ">
            <subfield code="a">Collection Tel</subfield>
            <subfield code="v">313</subfield>
          </datafield>
          <datafield tag="300" ind1=" " ind2=" ">
            <subfield code="a">Recueil de conférences prononcées en 1973-1974</subfield>
          </datafield>
          <datafield tag="345" ind1=" " ind2=" ">
            <subfield code="b">9782070761111</subfield>
          </datafield>
          <datafield tag="410" ind1=" " ind2=" ">
            <subfield code="0">001024299</subfield>
            <subfield code="t">Collection Tel</subfield>
            <subfield code="x">0339-8560</subfield>
          </datafield>
          <datafield tag="600" ind1=" " ind2="1">
            <subfield code="3">027324664</subfield>
            <subfield code="a">Freud</subfield>
            <subfield code="b">Sigmund</subfield>
            <subfield code="f">1856-1939</subfield>
            <subfield code="2">rameau</subfield>
          </datafield>
          <datafield tag="606" ind1="1" ind2=" ">
            <subfield code="a">Psychoanalysis</subfield>
            <subfield code="2">lc</subfield>
          </datafield>
          <datafield tag="606" ind1="1" ind2=" ">
            <subfield code="3">027230600</subfield>
            <subfield code="a">Complexe d'Oedipe</subfield>
            <subfield code="2">rameau</subfield>
          </datafield>
          <datafield tag="606" ind1="1" ind2=" ">
            <subfield code="3">027676803</subfield>
            <subfield code="a">Filiation</subfield>
            <subfield code="x">Aspect psychologique</subfield>
            <subfield code="2">rameau</subfield>
          </datafield>
          <datafield tag="606" ind1="1" ind2=" ">
            <subfield code="3">027241505</subfield>
            <subfield code="a">Psychanalyse</subfield>
            <subfield code="3">02726470X</subfield>
            <subfield code="x">Histoire</subfield>
            <subfield code="2">rameau</subfield>
          </datafield>
          <datafield tag="606" ind1="1" ind2=" ">
            <subfield code="3">02724153X</subfield>
            <subfield code="a">Psychanalyse</subfield>
            <subfield code="x">Associations</subfield>
            <subfield code="2">rameau</subfield>
          </datafield>
          <datafield tag="675" ind1=" " ind2=" ">
            <subfield code="a">1</subfield>
            <subfield code="v">Éd. 1967</subfield>
          </datafield>
          <datafield tag="676" ind1=" " ind2=" ">
            <subfield code="a">150.195</subfield>
            <subfield code="v">21</subfield>
          </datafield>
          <datafield tag="676" ind1=" " ind2=" ">
            <subfield code="a">155.646</subfield>
            <subfield code="v">21</subfield>
          </datafield>
          <datafield tag="700" ind1=" " ind2="1">
            <subfield code="3">032063520</subfield>
            <subfield code="a">Granoff</subfield>
            <subfield code="b">Wladimir</subfield>
            <subfield code="f">1924-2000</subfield>
            <subfield code="4">070</subfield>
          </datafield>
          <datafield tag="801" ind1=" " ind2="3">
            <subfield code="a">FR</subfield>
            <subfield code="b">Abes</subfield>
            <subfield code="c">20050426</subfield>
            <subfield code="g">AFNOR</subfield>
          </datafield>
          <datafield tag="801" ind1=" " ind2="3">
            <subfield code="a">FR</subfield>
            <subfield code="b">SF</subfield>
            <subfield code="c">20050426</subfield>
            <subfield code="g">AFNOR</subfield>
          </datafield>
          <datafield tag="801" ind1=" " ind2="1">
            <subfield code="a">US</subfield>
            <subfield code="b">OCLC</subfield>
            <subfield code="c">20050426</subfield>
            <subfield code="g">AACR2</subfield>
          </datafield>
          <datafield tag="801" ind1=" " ind2="2">
            <subfield code="a">FR</subfield>
            <subfield code="b">AUROC</subfield>
            <subfield code="c">20050426</subfield>
            <subfield code="g">AFNOR</subfield>
          </datafield>
          <datafield tag="801" ind1=" " ind2="3">
            <subfield code="a">FR</subfield>
            <subfield code="b">BN</subfield>
            <subfield code="c">20050426</subfield>
            <subfield code="g">AFNOR</subfield>
          </datafield>
          <datafield tag="930" ind1=" " ind2=" ">
            <subfield code="5">130012101:142957070</subfield>
            <subfield code="b">130012101</subfield>
            <subfield code="l">586105</subfield>
            <subfield code="a">150 195 9 GRA</subfield>
            <subfield code="j">u</subfield>
          </datafield>
          <datafield tag="930" ind1=" " ind2=" ">
            <subfield code="5">130012101:152317244</subfield>
            <subfield code="b">130012101</subfield>
            <subfield code="a">159.09 GRA</subfield>
            <subfield code="j">u</subfield>
          </datafield>
          <datafield tag="915" ind1=" " ind2=" ">
            <subfield code="5">130552102:141215844</subfield>
            <subfield code="a">130552102a/</subfield>
          </datafield>
          <datafield tag="917" ind1=" " ind2=" ">
            <subfield code="5">130552102:141215844</subfield>
            <subfield code="a">aaxx</subfield>
          </datafield>
          <datafield tag="930" ind1=" " ind2=" ">
            <subfield code="5">130552102:141215844</subfield>
            <subfield code="b">130552102</subfield>
            <subfield code="d">a</subfield>
            <subfield code="a">159.96 GRA</subfield>
            <subfield code="j">u</subfield>
            <subfield code="2">CDU</subfield>
          </datafield>
          <datafield tag="992" ind1=" " ind2=" ">
            <subfield code="5">130552102:141215844</subfield>
            <subfield code="a">uajdiv</subfield>
          </datafield>
          <datafield tag="999" ind1=" " ind2=" ">
            <subfield code="5">130552102:141215844</subfield>
            <subfield code="a">L 38804</subfield>
            <subfield code="b">130552102a</subfield>
            <subfield code="d">1</subfield>
            <subfield code="e">1</subfield>
            <subfield code="1">cdu-aj</subfield>
            <subfield code="c">159.96 GRA</subfield>
            <subfield code="x">130552102a</subfield>
            <subfield code="u">ajdiv</subfield>
            <subfield code="5">26.06.2001/132199/laf</subfield>
          </datafield>
          <datafield tag="915" ind1=" " ind2=" ">
            <subfield code="5">250562101:144483289</subfield>
            <subfield code="b">1143169438</subfield>
          </datafield>
          <datafield tag="930" ind1=" " ind2=" ">
            <subfield code="5">250562101:144483289</subfield>
            <subfield code="b">250562101</subfield>
            <subfield code="a">849463</subfield>
            <subfield code="j">u</subfield>
          </datafield>
          <datafield tag="915" ind1=" " ind2=" ">
            <subfield code="5">330632102:140497919</subfield>
            <subfield code="a">330632102a/</subfield>
          </datafield>
          <datafield tag="917" ind1=" " ind2=" ">
            <subfield code="5">330632102:140497919</subfield>
            <subfield code="a">aaxx</subfield>
          </datafield>
          <datafield tag="930" ind1=" " ind2=" ">
            <subfield code="5">330632102:140497919</subfield>
            <subfield code="b">330632102</subfield>
            <subfield code="d">p</subfield>
            <subfield code="a">150.195 GRA</subfield>
            <subfield code="j">u</subfield>
            <subfield code="2">dewey</subfield>
          </datafield>
          <datafield tag="999" ind1=" " ind2=" ">
            <subfield code="5">330632102:140497919</subfield>
            <subfield code="a">VB 250%01</subfield>
            <subfield code="b">330632102p</subfield>
            <subfield code="d">1</subfield>
            <subfield code="e">1</subfield>
            <subfield code="1">dew-bv</subfield>
            <subfield code="c">150.195 GRA</subfield>
            <subfield code="x">330632102a</subfield>
            <subfield code="5">13.06.2001/332197/va</subfield>
          </datafield>
          <datafield tag="915" ind1=" " ind2=" ">
            <subfield code="5">384212101:142544639</subfield>
            <subfield code="a">S14050</subfield>
          </datafield>
          <datafield tag="930" ind1=" " ind2=" ">
            <subfield code="5">384212101:142544639</subfield>
            <subfield code="b">384212101</subfield>
            <subfield code="a">S14050</subfield>
            <subfield code="j">u</subfield>
          </datafield>
          <datafield tag="915" ind1=" " ind2=" ">
            <subfield code="5">590092208:188778403</subfield>
            <subfield code="a">10042</subfield>
            <subfield code="b">AMS00010042</subfield>
          </datafield>
          <datafield tag="917" ind1=" " ind2=" ">
            <subfield code="5">590092208:188778403</subfield>
            <subfield code="a">cabc</subfield>
          </datafield>
          <datafield tag="930" ind1=" " ind2=" ">
            <subfield code="5">590092208:188778403</subfield>
            <subfield code="b">590092208</subfield>
            <subfield code="a">10042</subfield>
            <subfield code="j">s</subfield>
          </datafield>
          <datafield tag="999" ind1=" " ind2=" ">
            <subfield code="5">590092208:188778403</subfield>
            <subfield code="a">4EXC</subfield>
            <subfield code="b">4FC</subfield>
          </datafield>
          <datafield tag="915" ind1=" " ind2=" ">
            <subfield code="5">870852107:140497927</subfield>
            <subfield code="a">870852107a/</subfield>
          </datafield>
          <datafield tag="917" ind1=" " ind2=" ">
            <subfield code="5">870852107:140497927</subfield>
            <subfield code="a">aaxx</subfield>
          </datafield>
          <datafield tag="930" ind1=" " ind2=" ">
            <subfield code="5">870852107:140497927</subfield>
            <subfield code="b">870852107</subfield>
            <subfield code="d">sh</subfield>
            <subfield code="a">159.964 GRA</subfield>
            <subfield code="j">u</subfield>
            <subfield code="2">CDU</subfield>
          </datafield>
          <datafield tag="999" ind1=" " ind2=" ">
            <subfield code="5">870852107:140497927</subfield>
            <subfield code="a">L 74052</subfield>
            <subfield code="b">870852107sh</subfield>
            <subfield code="d">1</subfield>
            <subfield code="e">1</subfield>
            <subfield code="1">cdu-ll</subfield>
            <subfield code="c">159.964 GRA</subfield>
            <subfield code="x">870852107a</subfield>
            <subfield code="5">14.05.2001/872107/bmf</subfield>
          </datafield>
          <datafield tag="930" ind1=" " ind2=" ">
            <subfield code="5">690292101:139680489</subfield>
            <subfield code="b">690292101</subfield>
            <subfield code="j">u</subfield>
          </datafield>
          <datafield tag="915" ind1=" " ind2=" ">
            <subfield code="5">574632105:143766481</subfield>
            <subfield code="a">N/16923L</subfield>
          </datafield>
          <datafield tag="917" ind1=" " ind2=" ">
            <subfield code="5">574632105:143766481</subfield>
            <subfield code="a">aaxx</subfield>
          </datafield>
          <datafield tag="930" ind1=" " ind2=" ">
            <subfield code="5">574632105:143766481</subfield>
            <subfield code="b">574632105</subfield>
            <subfield code="e">ERMA</subfield>
            <subfield code="a">150.195 GRA</subfield>
            <subfield code="j">u</subfield>
          </datafield>
          <datafield tag="999" ind1=" " ind2=" ">
            <subfield code="5">574632105:143766481</subfield>
            <subfield code="z">N/16923L</subfield>
          </datafield>
          <datafield tag="915" ind1=" " ind2=" ">
            <subfield code="5">341722103:140497935</subfield>
            <subfield code="a">341722103a/25440a-b / 341722103a/26094</subfield>
          </datafield>
          <datafield tag="917" ind1=" " ind2=" ">
            <subfield code="5">341722103:140497935</subfield>
            <subfield code="a">aaxx</subfield>
          </datafield>
          <datafield tag="930" ind1=" " ind2=" ">
            <subfield code="5">341722103:140497935</subfield>
            <subfield code="b">341722103</subfield>
            <subfield code="d">p</subfield>
            <subfield code="a">159.96 GRA.W 4 F</subfield>
            <subfield code="j">u</subfield>
            <subfield code="2">CDU</subfield>
          </datafield>
          <datafield tag="992" ind1=" " ind2=" ">
            <subfield code="5">341722103:140497935</subfield>
            <subfield code="a">umlpss</subfield>
          </datafield>
          <datafield tag="999" ind1=" " ind2=" ">
            <subfield code="5">341722103:140497935</subfield>
            <subfield code="a">R 804-313</subfield>
            <subfield code="b">341722103p</subfield>
            <subfield code="d">3</subfield>
            <subfield code="e">1</subfield>
            <subfield code="1">cdu-ml</subfield>
            <subfield code="c">159.96 GRA.W 4 F</subfield>
            <subfield code="x">341722103a/25440a-b</subfield>
            <subfield code="x">341722103a/26094</subfield>
            <subfield code="u">mlpss</subfield>
            <subfield code="p">73228954</subfield>
            <subfield code="5">21.06.2001/342103/vil</subfield>
          </datafield>
          <datafield tag="915" ind1=" " ind2=" ">
            <subfield code="5">441092102:181823896</subfield>
            <subfield code="a">0083783122</subfield>
            <subfield code="b">0083783122</subfield>
          </datafield>
          <datafield tag="930" ind1=" " ind2=" ">
            <subfield code="5">441092102:181823896</subfield>
            <subfield code="b">441092102</subfield>
            <subfield code="a">150.195 GRA</subfield>
            <subfield code="j">u</subfield>
          </datafield>
          <datafield tag="915" ind1=" " ind2=" ">
            <subfield code="5">514542102:144938561</subfield>
            <subfield code="a">LE013157</subfield>
          </datafield>
          <datafield tag="917" ind1=" " ind2=" ">
            <subfield code="5">514542102:144938561</subfield>
            <subfield code="a">aaax</subfield>
          </datafield>
          <datafield tag="930" ind1=" " ind2=" ">
            <subfield code="5">514542102:144938561</subfield>
            <subfield code="b">514542102</subfield>
            <subfield code="j">u</subfield>
          </datafield>
          <datafield tag="999" ind1=" " ind2=" ">
            <subfield code="5">514542102:144938561</subfield>
            <subfield code="a">LEOUV</subfield>
          </datafield>
          <datafield tag="915" ind1=" " ind2=" ">
            <subfield code="5">352382101:139715126</subfield>
            <subfield code="a">0284753926</subfield>
            <subfield code="b">0284753926</subfield>
          </datafield>
          <datafield tag="917" ind1=" " ind2=" ">
            <subfield code="5">352382101:139715126</subfield>
            <subfield code="a">aaaa</subfield>
          </datafield>
          <datafield tag="930" ind1=" " ind2=" ">
            <subfield code="5">352382101:139715126</subfield>
            <subfield code="b">352382101</subfield>
            <subfield code="a">S 150.195/GRANO/1256</subfield>
            <subfield code="j">u</subfield>
          </datafield>
          <datafield tag="915" ind1=" " ind2=" ">
            <subfield code="5">764512101:15475014X</subfield>
            <subfield code="a">S63/313</subfield>
            <subfield code="b">2000046501</subfield>
          </datafield>
          <datafield tag="930" ind1=" " ind2=" ">
            <subfield code="5">764512101:15475014X</subfield>
            <subfield code="b">764512101</subfield>
            <subfield code="a">S63/313</subfield>
            <subfield code="j">u</subfield>
          </datafield>
          <datafield tag="930" ind1=" " ind2=" ">
            <subfield code="5">674822116:145798712</subfield>
            <subfield code="b">674822116</subfield>
            <subfield code="a">PA 616.891 GRA</subfield>
            <subfield code="j">u</subfield>
          </datafield>
          <datafield tag="915" ind1=" " ind2=" ">
            <subfield code="5">751182102:140497943</subfield>
            <subfield code="a">751182102a/76468</subfield>
          </datafield>
          <datafield tag="917" ind1=" " ind2=" ">
            <subfield code="5">751182102:140497943</subfield>
            <subfield code="a">aaxx</subfield>
          </datafield>
          <datafield tag="930" ind1=" " ind2=" ">
            <subfield code="5">751182102:140497943</subfield>
            <subfield code="b">751182102</subfield>
            <subfield code="d">b</subfield>
            <subfield code="a">S 4310</subfield>
            <subfield code="j">u</subfield>
          </datafield>
          <datafield tag="992" ind1=" " ind2=" ">
            <subfield code="5">751182102:140497943</subfield>
            <subfield code="a">upiphi</subfield>
          </datafield>
          <datafield tag="999" ind1=" " ind2=" ">
            <subfield code="5">751182102:140497943</subfield>
            <subfield code="a">S 4310</subfield>
            <subfield code="b">751182102b</subfield>
            <subfield code="d">1</subfield>
            <subfield code="e">1</subfield>
            <subfield code="x">751182102a/76468</subfield>
            <subfield code="p">210981</subfield>
            <subfield code="u">piphi</subfield>
            <subfield code="5">12.06.2001/752197/jck</subfield>
          </datafield>
          <datafield tag="915" ind1=" " ind2=" ">
            <subfield code="5">751052104:217577148</subfield>
            <subfield code="a">A/E 60345</subfield>
          </datafield>
          <datafield tag="930" ind1=" " ind2=" ">
            <subfield code="5">751052104:217577148</subfield>
            <subfield code="b">751052104</subfield>
            <subfield code="a">159.964.1 GRA</subfield>
            <subfield code="j">u</subfield>
          </datafield>
          <datafield tag="915" ind1=" " ind2=" ">
            <subfield code="5">930662101:145187411</subfield>
            <subfield code="b">025337579</subfield>
          </datafield>
          <datafield tag="930" ind1=" " ind2=" ">
            <subfield code="5">930662101:145187411</subfield>
            <subfield code="b">930662101</subfield>
            <subfield code="a">159.964.27 GRA</subfield>
            <subfield code="j">u</subfield>
          </datafield>
          <datafield tag="930" ind1=" " ind2=" ">
            <subfield code="5">920502102:228804086</subfield>
            <subfield code="b">920502102</subfield>
            <subfield code="a">159.964 GRA</subfield>
            <subfield code="j">u</subfield>
          </datafield>
          <datafield tag="915" ind1=" " ind2=" ">
            <subfield code="5">930792101:140497951</subfield>
            <subfield code="a">930792101a</subfield>
          </datafield>
          <datafield tag="917" ind1=" " ind2=" ">
            <subfield code="5">930792101:140497951</subfield>
            <subfield code="a">aaxx</subfield>
          </datafield>
          <datafield tag="930" ind1=" " ind2=" ">
            <subfield code="5">930792101:140497951</subfield>
            <subfield code="b">930792101</subfield>
            <subfield code="d">bd</subfield>
            <subfield code="a">159.964 GRA</subfield>
            <subfield code="j">u</subfield>
            <subfield code="2">CDU</subfield>
          </datafield>
          <datafield tag="992" ind1=" " ind2=" ">
            <subfield code="5">930792101:140497951</subfield>
            <subfield code="a">upvpsy</subfield>
          </datafield>
          <datafield tag="999" ind1=" " ind2=" ">
            <subfield code="5">930792101:140497951</subfield>
            <subfield code="a">D 214007 P</subfield>
            <subfield code="b">930792101bd</subfield>
            <subfield code="d">1</subfield>
            <subfield code="e">1</subfield>
            <subfield code="1">cdu-pv</subfield>
            <subfield code="c">159.964 GRA</subfield>
            <subfield code="x">930792101a</subfield>
            <subfield code="u">pvpsy</subfield>
            <subfield code="p">GRAFLDC99</subfield>
            <subfield code="5">14.06.2001/932199/nch</subfield>
          </datafield>
          <datafield tag="915" ind1=" " ind2=" ">
            <subfield code="5">930082101:167863592</subfield>
            <subfield code="b">0760674454</subfield>
          </datafield>
          <datafield tag="930" ind1=" " ind2=" ">
            <subfield code="5">930082101:167863592</subfield>
            <subfield code="b">930082101</subfield>
            <subfield code="a">WM 460 GRA</subfield>
            <subfield code="j">u</subfield>
          </datafield>
          <datafield tag="915" ind1=" " ind2=" ">
            <subfield code="5">751052116:141025530</subfield>
            <subfield code="a">B10722881</subfield>
            <subfield code="b">9106157845</subfield>
          </datafield>
          <datafield tag="917" ind1=" " ind2=" ">
            <subfield code="5">751052116:141025530</subfield>
            <subfield code="a">abba</subfield>
          </datafield>
          <datafield tag="930" ind1=" " ind2=" ">
            <subfield code="5">751052116:141025530</subfield>
            <subfield code="b">751052116</subfield>
            <subfield code="a">USUEL 150.195 GRA</subfield>
            <subfield code="j">g</subfield>
          </datafield>
          <datafield tag="915" ind1=" " ind2=" ">
            <subfield code="5">751142102:14340895X</subfield>
            <subfield code="a">642323</subfield>
            <subfield code="b">3310008471</subfield>
          </datafield>
          <datafield tag="930" ind1=" " ind2=" ">
            <subfield code="5">751142102:14340895X</subfield>
            <subfield code="b">751142102</subfield>
            <subfield code="a">P 23531</subfield>
            <subfield code="j">u</subfield>
          </datafield>
        </record>
      </recordData>
      <recordPosition>67</recordPosition>
    </record>