
    <record>
      <recordSchema>dc</recordSchema>
      <recordPacking>xml</recordPacking>
      <recordData>
        <record xsi:schemaLocation="http://www.loc.gov/MARC21/slim http://www.loc.gov/standards/marcxml/schema/MARC21slim.xsd" xmlns="http://www.loc.gov/MARC21/slim" xmlns:xsi="http://www.w3.org/2001/XMLSchema-instance">
          <leader>01151cam0 2200301   4500</leader>
          <controlfield tag="001">077011333</controlfield>
          <controlfield tag="005">20040413151630.000</controlfield>
          <datafield tag="010" ind1=" " ind2=" ">
            <subfield code="a">0-87220-493-6</subfield>
            <subfield code="b">alk. paper</subfield>
          </datafield>
          <datafield tag="010" ind1=" " ind2=" ">
            <subfield code="a">0-87220-492-8</subfield>
            <subfield code="b">pbk. : alk. paper</subfield>
          </datafield>
          <datafield tag="100" ind1=" " ind2=" ">
            <subfield code="a">20040319d2000    k  y0frey0103    ba</subfield>
          </datafield>
          <datafield tag="101" ind1="0" ind2=" ">
            <subfield code="a">eng</subfield>
            <subfield code="c">grc</subfield>
          </datafield>
          <datafield tag="102" ind1=" " ind2=" ">
            <subfield code="a">US</subfield>
          </datafield>
          <datafield tag="105" ind1=" " ind2=" ">
            <subfield code="a">y   ||||000bd</subfield>
          </datafield>
          <datafield tag="106" ind1=" " ind2=" ">
            <subfield code="a">r</subfield>
          </datafield>
          <datafield tag="200" ind1="1" ind2=" ">
            <subfield code="a">Oedipus tyrannus</subfield>
            <subfield code="b">Texte imprimé</subfield>
            <subfield code="f">Sophocles</subfield>
            <subfield code="g">transl., with introd. and notes, by Peter Meineck and Paul Woodruff</subfield>
          </datafield>
          <datafield tag="210" ind1=" " ind2=" ">
            <subfield code="a">Indianapolis, Ind. [etc.]</subfield>
            <subfield code="c">Hackett</subfield>
            <subfield code="d">2000</subfield>
          </datafield>
          <datafield tag="215" ind1=" " ind2=" ">
            <subfield code="a">xxxiv, 67 p.</subfield>
            <subfield code="d">23 cm.</subfield>
          </datafield>
          <datafield tag="316" ind1=" " ind2=" ">
            <subfield code="5">751052105:199486360</subfield>
            <subfield code="a">Exemplaire relié</subfield>
          </datafield>
          <datafield tag="320" ind1=" " ind2=" ">
            <subfield code="a">Bibliogr.</subfield>
          </datafield>
          <datafield tag="500" ind1=" " ind2=" ">
            <subfield code="3">030706777</subfield>
            <subfield code="a">Oedipe roi</subfield>
            <subfield code="m">anglais</subfield>
            <subfield code="k">2000</subfield>
          </datafield>
          <datafield tag="700" ind1=" " ind2="1">
            <subfield code="3">027143619</subfield>
            <subfield code="a">Sophocle</subfield>
            <subfield code="f">0496?-0406 av. J.-C.</subfield>
            <subfield code="4">070</subfield>
          </datafield>
          <datafield tag="702" ind1=" " ind2="1">
            <subfield code="3">073489603</subfield>
            <subfield code="a">Meineck</subfield>
            <subfield code="b">Peter</subfield>
            <subfield code="f">1967-</subfield>
            <subfield code="4">340</subfield>
            <subfield code="4">730</subfield>
          </datafield>
          <datafield tag="702" ind1=" " ind2="1">
            <subfield code="3">028445996</subfield>
            <subfield code="a">Woodruff</subfield>
            <subfield code="b">Paul</subfield>
            <subfield code="f">1943-....</subfield>
            <subfield code="4">340</subfield>
            <subfield code="4">730</subfield>
          </datafield>
          <datafield tag="801" ind1=" " ind2="3">
            <subfield code="a">FR</subfield>
            <subfield code="b">Abes</subfield>
            <subfield code="c">20040413</subfield>
            <subfield code="g">AFNOR</subfield>
          </datafield>
          <datafield tag="915" ind1=" " ind2=" ">
            <subfield code="5">751052105:199486360</subfield>
            <subfield code="a">a/755948</subfield>
            <subfield code="b">1153771808</subfield>
          </datafield>
          <datafield tag="917" ind1=" " ind2=" ">
            <subfield code="5">751052105:199486360</subfield>
            <subfield code="a">aaaa</subfield>
          </datafield>
          <datafield tag="930" ind1=" " ind2=" ">
            <subfield code="5">751052105:199486360</subfield>
            <subfield code="b">751052105</subfield>
            <subfield code="c">Salle de lecture</subfield>
            <subfield code="d">Communication indirecte</subfield>
            <subfield code="a">M 8= 36519</subfield>
            <subfield code="j">u</subfield>
          </datafield>
          <datafield tag="999" ind1=" " ind2=" ">
            <subfield code="5">751052105:199486360</subfield>
            <subfield code="a">jpc</subfield>
            <subfield code="b">DSS2</subfield>
          </datafield>
        </record>
      </recordData>
      <recordPosition>68</recordPosition>
    </record>