
    <record>
      <recordSchema>dc</recordSchema>
      <recordPacking>xml</recordPacking>
      <recordData>
        <record xsi:schemaLocation="http://www.loc.gov/MARC21/slim http://www.loc.gov/standards/marcxml/schema/MARC21slim.xsd" xmlns="http://www.loc.gov/MARC21/slim" xmlns:xsi="http://www.w3.org/2001/XMLSchema-instance">
          <leader>03318cam0 22004211i 4500</leader>
          <controlfield tag="001">066792266</controlfield>
          <controlfield tag="005">20040923195326.000</controlfield>
          <datafield tag="035" ind1=" " ind2=" ">
            <subfield code="a">thL-00088304</subfield>
          </datafield>
          <datafield tag="100" ind1=" " ind2=" ">
            <subfield code="a">20020718d2000    k  y0frey0103    ba</subfield>
          </datafield>
          <datafield tag="101" ind1="0" ind2=" ">
            <subfield code="a">fre</subfield>
            <subfield code="d">fre</subfield>
          </datafield>
          <datafield tag="102" ind1=" " ind2=" ">
            <subfield code="a">FR</subfield>
          </datafield>
          <datafield tag="105" ind1=" " ind2=" ">
            <subfield code="a">y   m   000yy</subfield>
          </datafield>
          <datafield tag="200" ind1="1" ind2=" ">
            <subfield code="a">"DESTINS" DE LA FAMILLE D'OEDIPE</subfield>
            <subfield code="f">CATHERINE COMBASE</subfield>
            <subfield code="g">SOUS LA DIR. DE JEAN GEORGES LEMAIRE</subfield>
          </datafield>
          <datafield tag="210" ind1=" " ind2=" ">
            <subfield code="a">[S.l.]</subfield>
            <subfield code="c">[s.n.]</subfield>
            <subfield code="d">2000</subfield>
          </datafield>
          <datafield tag="215" ind1=" " ind2=" ">
            <subfield code="a">284 p.</subfield>
          </datafield>
          <datafield tag="301" ind1=" " ind2=" ">
            <subfield code="a">2000PA05H032</subfield>
          </datafield>
          <datafield tag="310" ind1=" " ind2=" ">
            <subfield code="a">Publication autorisée par le jury</subfield>
          </datafield>
          <datafield tag="320" ind1=" " ind2=" ">
            <subfield code="a">110 ref.</subfield>
          </datafield>
          <datafield tag="330" ind1=" " ind2=" ">
            <subfield code="a"> LA PRATIQUE DE LA THERAPIE FAMILIALE RAMENE A S'INTERROGER AU SUJET DE L'ENSEMBLE DU GROUPE DANS LEQUEL OEDIPE TRAVERSE LE COMPLEXE D'OEDIPE. DANS CE CADRE, UN OU DEUX THERAPEUTES RECOIVENT LES MEMBRES D'UNE FAMILLE QUI VIVENT - OU ONT VECU - ENSEMBLE, SUR AU MOINS DEUX GENERATIONS. DANS LES TRAGEDIES DE SOPHOCLE, OEDIPE-ROI, OEDIPE A COLONE, ET ANTIGONE, LE POETE A MIS EN SCENE ET EN ACTION TROIS GENERATIONS DE LA LIGNEE DES LABDACIDES. LES REGLES DE LA TRAGEDIE CLASSIQUE VEULENT QUE LA TRAGEDIE SOIT UNE CONSTRUCTION DANS LAQUELLE LES RELATIONS - DE PREFERENCE ENTRE DES PROCHES - SONT DRAMATISEES. OEDIPE, LAIOS, JOCASTE, ANTIGONE, ET TOUTE LEUR FAMILLE SONT DES PERSONNAGES DU CYCLE MYTHOLOGIQUE THEBAIN. SOPHOCLE EN FAIT DES FIGURES DE L'ACTION TRAGIQUE. POUR S. FREUD, LA DECOUVERTE DE L'OEDIPE EST LIEE A L'AUTO-ANALYSE QU'IL ENGAGE UN AN APRES LA MORT DE SON PERE. AU COURS DE CELLE-CI, LES SOUVENIRS QUI REMONTENT A LA SURFACE SONT CEUX DE SON ENFANCE. ILS METTENT EN SCENE LES PERSONNAGES DE SA PROPRE FAMILLE : SON PERE, JACOB, SA MERE, AMALIA, JULIUS, LE FRERE CADET MORT A QUELQUES MOIS, L'UN DE SES ONCLES JOSEPH, ET D'AUTRES ENCORE. CES SOUVENIRS METTENT EN LUMIERE UNE GENEALOGIE COMPLIQUEE, ET LES INTERROGATIONS QU'ELLE DECLENCHE A PROPOS DE L'ORDRE DES GENERATIONS. LA CONSTRUCTION TRAGIQUE DE SOPHOCLE A INSPIRE A FREUD LE MODELE THEORIQUE DE COMPLEXE D'OEDIPE. LE COMPLEXE D'OEDIPE, COMME CONCEPT FONDAMENTAL DE LA PSYCHANALYSE, EST ENCORE ACTUELLEMENT SOUVENT REMIS EN CAUSE, MAIS IL -EST AUSSI LE POINT DE DEPART DE NOMBREUX ENRICHISSEMENTS CLINIQUES ET THEORIQUES. A TRAVERS LA CLINIQUE DES FAMILLES, L'OEUVRE DE FREUD ET LES TRAGEDIES DE SOPHOCLE, C'EST LA CONSTELLATION FAMILIALE DANS SON ENSEMBLE QUI EST AU CENTRE DE CE TRAVAIL.</subfield>
          </datafield>
          <datafield tag="452" ind1=" " ind2=" ">
            <subfield code="0">069930929</subfield>
            <subfield code="t">"Destins" de la famille d'Œdipe</subfield>
            <subfield code="c">Lille</subfield>
            <subfield code="d">2002</subfield>
            <subfield code="p">1 microfiche</subfield>
          </datafield>
          <datafield tag="517" ind1=" " ind2=" ">
            <subfield code="a">OEDIPUS'S FAMILY'S "FATES"</subfield>
          </datafield>
          <datafield tag="606" ind1="1" ind2=" ">
            <subfield code="3">027230600</subfield>
            <subfield code="a">Complexe d'Oedipe</subfield>
            <subfield code="3">027253139</subfield>
            <subfield code="x">Thèses et écrits académiques</subfield>
            <subfield code="2">rameau</subfield>
          </datafield>
          <datafield tag="606" ind1="1" ind2=" ">
            <subfield code="3">027796019</subfield>
            <subfield code="a">Tragédie grecque</subfield>
            <subfield code="3">027253139</subfield>
            <subfield code="x">Thèses et écrits académiques</subfield>
            <subfield code="2">rameau</subfield>
          </datafield>
          <datafield tag="606" ind1="1" ind2=" ">
            <subfield code="3">027267741</subfield>
            <subfield code="a">Généalogie</subfield>
            <subfield code="3">027253139</subfield>
            <subfield code="x">Thèses et écrits académiques</subfield>
            <subfield code="2">rameau</subfield>
          </datafield>
          <datafield tag="606" ind1="1" ind2=" ">
            <subfield code="3">027241734</subfield>
            <subfield code="a">Thérapie familiale</subfield>
            <subfield code="3">027253139</subfield>
            <subfield code="x">Thèses et écrits académiques</subfield>
            <subfield code="2">rameau</subfield>
          </datafield>
          <datafield tag="606" ind1="1" ind2=" ">
            <subfield code="a">CONSTELLATION FAMILIALE</subfield>
            <subfield code="2">rameau</subfield>
          </datafield>
          <datafield tag="610" ind1="1" ind2=" ">
            <subfield code="a">PSYCHOLOGIE : PSYCHO-PATHOLOGIE</subfield>
          </datafield>
          <datafield tag="610" ind1="2" ind2=" ">
            <subfield code="a">COMPLEXE D'OEDIPE</subfield>
          </datafield>
          <datafield tag="610" ind1="2" ind2=" ">
            <subfield code="a">TRAGEDIE GRECQUE</subfield>
          </datafield>
          <datafield tag="610" ind1="2" ind2=" ">
            <subfield code="a">GENEALOGIE</subfield>
          </datafield>
          <datafield tag="610" ind1="2" ind2=" ">
            <subfield code="a">THERAPIE FAMILIALE</subfield>
          </datafield>
          <datafield tag="610" ind1="2" ind2=" ">
            <subfield code="a">CONSTELLATION FAMILIALE</subfield>
          </datafield>
          <datafield tag="686" ind1=" " ind2=" ">
            <subfield code="a">0449</subfield>
            <subfield code="2">tlt</subfield>
          </datafield>
          <datafield tag="700" ind1=" " ind2="1">
            <subfield code="3">069930767</subfield>
            <subfield code="a">Combase</subfield>
            <subfield code="b">Catherine</subfield>
            <subfield code="4">070</subfield>
          </datafield>
          <datafield tag="702" ind1=" " ind2="1">
            <subfield code="a">LEMAIRE</subfield>
            <subfield code="b">JEAN GEORGES</subfield>
            <subfield code="4">727</subfield>
          </datafield>
          <datafield tag="801" ind1=" " ind2="3">
            <subfield code="a">FR</subfield>
            <subfield code="b">Abes</subfield>
            <subfield code="c">20040923</subfield>
            <subfield code="g">AFNOR</subfield>
          </datafield>
          <datafield tag="801" ind1=" " ind2="3">
            <subfield code="a">FR</subfield>
            <subfield code="b">Abes</subfield>
            <subfield code="c">20040923</subfield>
            <subfield code="g">AFNOR</subfield>
          </datafield>
          <datafield tag="930" ind1=" " ind2=" ">
            <subfield code="5">751062109:163643741</subfield>
            <subfield code="b">751062109</subfield>
            <subfield code="j">u</subfield>
          </datafield>
        </record>
      </recordData>
      <recordPosition>70</recordPosition>
    </record>