
    <record>
      <recordSchema>dc</recordSchema>
      <recordPacking>xml</recordPacking>
      <recordData>
        <record xsi:schemaLocation="http://www.loc.gov/MARC21/slim http://www.loc.gov/standards/marcxml/schema/MARC21slim.xsd" xmlns="http://www.loc.gov/MARC21/slim" xmlns:xsi="http://www.w3.org/2001/XMLSchema-instance">
          <leader>00931cam0 2200253   4500</leader>
          <controlfield tag="001">056053320</controlfield>
          <controlfield tag="005">20010702213609.855</controlfield>
          <datafield tag="035" ind1=" " ind2=" ">
            <subfield code="a">sib1774901</subfield>
          </datafield>
          <datafield tag="100" ind1=" " ind2=" ">
            <subfield code="a">20010607f2000    ||||0frey0103    ba</subfield>
          </datafield>
          <datafield tag="101" ind1="0" ind2=" ">
            <subfield code="a">fre</subfield>
          </datafield>
          <datafield tag="102" ind1=" " ind2=" ">
            <subfield code="a">XX</subfield>
          </datafield>
          <datafield tag="105" ind1=" " ind2=" ">
            <subfield code="a">y   |||||||||</subfield>
          </datafield>
          <datafield tag="200" ind1="1" ind2=" ">
            <subfield code="a">&lt;?char 136 ?&gt;L'&lt;?char 137 ?&gt;évolution du mythe d'Oedipe</subfield>
            <subfield code="e">du héros social à l'homme objet</subfield>
            <subfield code="f">Catherine Papoutsa</subfield>
          </datafield>
          <datafield tag="210" ind1=" " ind2=" ">
            <subfield code="a">[S.l.]</subfield>
            <subfield code="c">[s.n.]</subfield>
            <subfield code="d">[s.d.]</subfield>
          </datafield>
          <datafield tag="215" ind1=" " ind2=" ">
            <subfield code="a">213 ff. dactyl</subfield>
            <subfield code="c">13 photogr</subfield>
            <subfield code="d">29 cm</subfield>
          </datafield>
          <datafield tag="300" ind1=" " ind2=" ">
            <subfield code="a">Mém. : Maîtrise d'enseignement : 1979</subfield>
          </datafield>
          <datafield tag="700" ind1=" " ind2="1">
            <subfield code="3">031469817</subfield>
            <subfield code="a">Papoutsa</subfield>
            <subfield code="b">Catherine</subfield>
            <subfield code="f">1958-....</subfield>
          </datafield>
          <datafield tag="801" ind1=" " ind2="3">
            <subfield code="a">FR</subfield>
            <subfield code="b">Abes</subfield>
            <subfield code="c">20010702</subfield>
            <subfield code="g">AFNOR</subfield>
          </datafield>
          <datafield tag="801" ind1=" " ind2="3">
            <subfield code="a">FR</subfield>
            <subfield code="b">SF</subfield>
            <subfield code="c">20010702</subfield>
            <subfield code="g">AFNOR</subfield>
          </datafield>
          <datafield tag="915" ind1=" " ind2=" ">
            <subfield code="5">751052219:14066095X</subfield>
            <subfield code="a">751052219a/10967</subfield>
          </datafield>
          <datafield tag="917" ind1=" " ind2=" ">
            <subfield code="5">751052219:14066095X</subfield>
            <subfield code="a">aaxx</subfield>
          </datafield>
          <datafield tag="930" ind1=" " ind2=" ">
            <subfield code="5">751052219:14066095X</subfield>
            <subfield code="b">751052219</subfield>
            <subfield code="d">ma</subfield>
            <subfield code="a">D 397</subfield>
            <subfield code="j">u</subfield>
          </datafield>
          <datafield tag="995" ind1=" " ind2=" ">
            <subfield code="5">751052219:14066095X</subfield>
            <subfield code="a">ac-ph-c</subfield>
          </datafield>
          <datafield tag="999" ind1=" " ind2=" ">
            <subfield code="5">751052219:14066095X</subfield>
            <subfield code="a">D 397</subfield>
            <subfield code="b">751052219ma</subfield>
            <subfield code="d">1</subfield>
            <subfield code="e">1</subfield>
            <subfield code="x">751052219a/10967</subfield>
            <subfield code="z">ac-ph-c</subfield>
            <subfield code="5">07.06.2001/752102/ra8</subfield>
          </datafield>
        </record>
      </recordData>
      <recordPosition>72</recordPosition>
    </record>