
    <record>
      <recordSchema>dc</recordSchema>
      <recordPacking>xml</recordPacking>
      <recordData>
        <record xsi:schemaLocation="http://www.loc.gov/MARC21/slim http://www.loc.gov/standards/marcxml/schema/MARC21slim.xsd" xmlns="http://www.loc.gov/MARC21/slim" xmlns:xsi="http://www.w3.org/2001/XMLSchema-instance">
          <leader>06914cam0 2201597   4500</leader>
          <controlfield tag="001">053617959</controlfield>
          <controlfield tag="005">20060309153210.000</controlfield>
          <datafield tag="010" ind1=" " ind2=" ">
            <subfield code="a">2-84337-110-4</subfield>
            <subfield code="b">br.</subfield>
            <subfield code="d">14.94 EUR</subfield>
          </datafield>
          <datafield tag="020" ind1=" " ind2=" ">
            <subfield code="a">FR</subfield>
            <subfield code="b">00107049</subfield>
          </datafield>
          <datafield tag="021" ind1=" " ind2=" ">
            <subfield code="a">FR</subfield>
            <subfield code="b">DL 00-44216 (D1)</subfield>
          </datafield>
          <datafield tag="035" ind1=" " ind2=" ">
            <subfield code="a">frBN02607730X</subfield>
          </datafield>
          <datafield tag="035" ind1=" " ind2=" ">
            <subfield code="a">ocm45533786</subfield>
          </datafield>
          <datafield tag="035" ind1=" " ind2=" ">
            <subfield code="a">sib1765753</subfield>
          </datafield>
          <datafield tag="035" ind1=" " ind2=" ">
            <subfield code="a">ubs48688</subfield>
          </datafield>
          <datafield tag="035" ind1=" " ind2=" ">
            <subfield code="a">elec2000240568</subfield>
          </datafield>
          <datafield tag="035" ind1=" " ind2=" ">
            <subfield code="5">130552103</subfield>
            <subfield code="a">reu92437</subfield>
          </datafield>
          <datafield tag="100" ind1=" " ind2=" ">
            <subfield code="a">20001211d2000    m  y0frey0103    ba</subfield>
          </datafield>
          <datafield tag="101" ind1="0" ind2=" ">
            <subfield code="a">fre</subfield>
          </datafield>
          <datafield tag="102" ind1=" " ind2=" ">
            <subfield code="a">FR</subfield>
          </datafield>
          <datafield tag="105" ind1=" " ind2=" ">
            <subfield code="a">y   ||||000yy</subfield>
          </datafield>
          <datafield tag="106" ind1=" " ind2=" ">
            <subfield code="a">r</subfield>
          </datafield>
          <datafield tag="200" ind1="1" ind2=" ">
            <subfield code="a">Oedipe toi-même !</subfield>
            <subfield code="b">Texte imprimé</subfield>
            <subfield code="e">consultations d'un pédopsychiatre</subfield>
            <subfield code="f">Marcel Rufo</subfield>
          </datafield>
          <datafield tag="210" ind1=" " ind2=" ">
            <subfield code="a">Paris</subfield>
            <subfield code="c">A. Carrière</subfield>
            <subfield code="d">2000</subfield>
          </datafield>
          <datafield tag="215" ind1=" " ind2=" ">
            <subfield code="a">233 p.</subfield>
            <subfield code="c">couv. ill. en coul.</subfield>
            <subfield code="d">21 cm</subfield>
          </datafield>
          <datafield tag="300" ind1=" " ind2=" ">
            <subfield code="a">La couv. porte en plus : "Document"</subfield>
          </datafield>
          <datafield tag="345" ind1=" " ind2=" ">
            <subfield code="b">9782843371103</subfield>
          </datafield>
          <datafield tag="606" ind1="1" ind2=" ">
            <subfield code="3">028214862</subfield>
            <subfield code="a">Adolescents</subfield>
            <subfield code="x">Psychopathologie</subfield>
            <subfield code="2">rameau</subfield>
          </datafield>
          <datafield tag="606" ind1="1" ind2=" ">
            <subfield code="3">027675785</subfield>
            <subfield code="a">Adolescents</subfield>
            <subfield code="x">Psychanalyse</subfield>
            <subfield code="3">027588505</subfield>
            <subfield code="x">Cas, Études de</subfield>
            <subfield code="2">rameau</subfield>
          </datafield>
          <datafield tag="606" ind1="1" ind2=" ">
            <subfield code="3">027362116</subfield>
            <subfield code="a">Psychiatrie</subfield>
            <subfield code="3">027792110</subfield>
            <subfield code="x">Pratique</subfield>
            <subfield code="2">rameau</subfield>
          </datafield>
          <datafield tag="606" ind1="1" ind2=" ">
            <subfield code="3">027852660</subfield>
            <subfield code="a">Entretiens (psychiatrie)</subfield>
            <subfield code="2">rameau</subfield>
          </datafield>
          <datafield tag="606" ind1="1" ind2=" ">
            <subfield code="3">040680487</subfield>
            <subfield code="a">Psychiatrie enfant</subfield>
            <subfield code="2">fmesh</subfield>
          </datafield>
          <datafield tag="606" ind1="1" ind2=" ">
            <subfield code="3">027223825</subfield>
            <subfield code="a">Enfants</subfield>
            <subfield code="x">Psychanalyse</subfield>
            <subfield code="3">027588505</subfield>
            <subfield code="x">Cas, Études de</subfield>
            <subfield code="2">rameau</subfield>
          </datafield>
          <datafield tag="606" ind1="1" ind2=" ">
            <subfield code="3">027328058</subfield>
            <subfield code="a">Enfants</subfield>
            <subfield code="x">Psychopathologie</subfield>
            <subfield code="2">rameau</subfield>
          </datafield>
          <datafield tag="675" ind1=" " ind2=" ">
            <subfield code="a">1</subfield>
            <subfield code="v">Éd. 1967</subfield>
          </datafield>
          <datafield tag="676" ind1=" " ind2=" ">
            <subfield code="a">155.4</subfield>
            <subfield code="v">21</subfield>
          </datafield>
          <datafield tag="676" ind1=" " ind2=" ">
            <subfield code="a">618.928 9</subfield>
            <subfield code="v">21</subfield>
          </datafield>
          <datafield tag="676" ind1=" " ind2=" ">
            <subfield code="5">130552103</subfield>
            <subfield code="a">155.4</subfield>
            <subfield code="f">RUF</subfield>
          </datafield>
          <datafield tag="700" ind1=" " ind2="1">
            <subfield code="3">029743508</subfield>
            <subfield code="a">Rufo</subfield>
            <subfield code="b">Marcel</subfield>
            <subfield code="f">1944-....</subfield>
            <subfield code="4">070</subfield>
          </datafield>
          <datafield tag="801" ind1=" " ind2="3">
            <subfield code="a">FR</subfield>
            <subfield code="b">Abes</subfield>
            <subfield code="c">20060309</subfield>
            <subfield code="g">AFNOR</subfield>
          </datafield>
          <datafield tag="801" ind1=" " ind2="3">
            <subfield code="a">FR</subfield>
            <subfield code="b">BN</subfield>
            <subfield code="c">20060309</subfield>
            <subfield code="g">AFNOR</subfield>
          </datafield>
          <datafield tag="801" ind1=" " ind2="1">
            <subfield code="a">US</subfield>
            <subfield code="b">OCLC</subfield>
            <subfield code="c">20060309</subfield>
            <subfield code="g">AACR2</subfield>
          </datafield>
          <datafield tag="801" ind1=" " ind2="2">
            <subfield code="a">FR</subfield>
            <subfield code="b">AUROC</subfield>
            <subfield code="c">20060309</subfield>
            <subfield code="g">AFNOR</subfield>
          </datafield>
          <datafield tag="801" ind1=" " ind2="3">
            <subfield code="a">FR</subfield>
            <subfield code="b">SF</subfield>
            <subfield code="c">20060309</subfield>
            <subfield code="g">AFNOR</subfield>
          </datafield>
          <datafield tag="801" ind1=" " ind2="3">
            <subfield code="a">FR</subfield>
            <subfield code="b">Electre</subfield>
            <subfield code="c">20010605</subfield>
            <subfield code="g">AFNOR</subfield>
          </datafield>
          <datafield tag="915" ind1=" " ind2=" ">
            <subfield code="5">130552103:139325719</subfield>
            <subfield code="a">E/223510</subfield>
          </datafield>
          <datafield tag="917" ind1=" " ind2=" ">
            <subfield code="5">130552103:139325719</subfield>
            <subfield code="a">aaxx</subfield>
          </datafield>
          <datafield tag="930" ind1=" " ind2=" ">
            <subfield code="5">130552103:139325719</subfield>
            <subfield code="b">130552103</subfield>
            <subfield code="e">FUMA</subfield>
            <subfield code="j">u</subfield>
          </datafield>
          <datafield tag="999" ind1=" " ind2=" ">
            <subfield code="5">130552103:139325719</subfield>
            <subfield code="z">E/223510</subfield>
          </datafield>
          <datafield tag="930" ind1=" " ind2=" ">
            <subfield code="5">130552102:19265022X</subfield>
            <subfield code="b">130552102</subfield>
            <subfield code="a">L 41615</subfield>
            <subfield code="j">u</subfield>
          </datafield>
          <datafield tag="915" ind1=" " ind2=" ">
            <subfield code="5">800212104:198395795</subfield>
            <subfield code="b">0054382249</subfield>
          </datafield>
          <datafield tag="930" ind1=" " ind2=" ">
            <subfield code="5">800212104:198395795</subfield>
            <subfield code="b">800212104</subfield>
            <subfield code="a">616.89 RUFO</subfield>
            <subfield code="j">u</subfield>
          </datafield>
          <datafield tag="915" ind1=" " ind2=" ">
            <subfield code="5">330632102:140554629</subfield>
            <subfield code="a">330632102a/</subfield>
          </datafield>
          <datafield tag="917" ind1=" " ind2=" ">
            <subfield code="5">330632102:140554629</subfield>
            <subfield code="a">aaxx</subfield>
          </datafield>
          <datafield tag="930" ind1=" " ind2=" ">
            <subfield code="5">330632102:140554629</subfield>
            <subfield code="b">330632102</subfield>
            <subfield code="d">p</subfield>
            <subfield code="a">155.4 RUF</subfield>
            <subfield code="j">u</subfield>
            <subfield code="2">dewey</subfield>
          </datafield>
          <datafield tag="999" ind1=" " ind2=" ">
            <subfield code="5">330632102:140554629</subfield>
            <subfield code="a">VB 27758</subfield>
            <subfield code="b">330632102p</subfield>
            <subfield code="d">2</subfield>
            <subfield code="e">1</subfield>
            <subfield code="1">dew-bv</subfield>
            <subfield code="c">155.4 RUF</subfield>
            <subfield code="x">330632102a</subfield>
            <subfield code="5">25.05.2001/332197/va</subfield>
          </datafield>
          <datafield tag="915" ind1=" " ind2=" ">
            <subfield code="5">290192101:134748506</subfield>
            <subfield code="a">A/2401652</subfield>
          </datafield>
          <datafield tag="917" ind1=" " ind2=" ">
            <subfield code="5">290192101:134748506</subfield>
            <subfield code="a">aaxx</subfield>
          </datafield>
          <datafield tag="930" ind1=" " ind2=" ">
            <subfield code="5">290192101:134748506</subfield>
            <subfield code="b">290192101</subfield>
            <subfield code="e">BRUL</subfield>
            <subfield code="a">155.4 RUF</subfield>
            <subfield code="j">u</subfield>
          </datafield>
          <datafield tag="999" ind1=" " ind2=" ">
            <subfield code="5">290192101:134748506</subfield>
            <subfield code="z">A/2401652</subfield>
          </datafield>
          <datafield tag="915" ind1=" " ind2=" ">
            <subfield code="5">562602202:153498188</subfield>
            <subfield code="b">1011080</subfield>
          </datafield>
          <datafield tag="930" ind1=" " ind2=" ">
            <subfield code="5">562602202:153498188</subfield>
            <subfield code="b">562602202</subfield>
            <subfield code="j">u</subfield>
          </datafield>
          <datafield tag="915" ind1=" " ind2=" ">
            <subfield code="5">730512101:144541572</subfield>
            <subfield code="a">G/N S17038</subfield>
          </datafield>
          <datafield tag="917" ind1=" " ind2=" ">
            <subfield code="5">730512101:144541572</subfield>
            <subfield code="a">aaxx</subfield>
          </datafield>
          <datafield tag="930" ind1=" " ind2=" ">
            <subfield code="5">730512101:144541572</subfield>
            <subfield code="b">730512101</subfield>
            <subfield code="e">FSDS</subfield>
            <subfield code="j">u</subfield>
          </datafield>
          <datafield tag="999" ind1=" " ind2=" ">
            <subfield code="5">730512101:144541572</subfield>
            <subfield code="z">G/N S17038</subfield>
          </datafield>
          <datafield tag="915" ind1=" " ind2=" ">
            <subfield code="5">385162101:138377979</subfield>
            <subfield code="a">M/23443</subfield>
          </datafield>
          <datafield tag="917" ind1=" " ind2=" ">
            <subfield code="5">385162101:138377979</subfield>
            <subfield code="a">aaxx</subfield>
          </datafield>
          <datafield tag="930" ind1=" " ind2=" ">
            <subfield code="5">385162101:138377979</subfield>
            <subfield code="b">385162101</subfield>
            <subfield code="e">FPHM</subfield>
            <subfield code="j">u</subfield>
          </datafield>
          <datafield tag="999" ind1=" " ind2=" ">
            <subfield code="5">385162101:138377979</subfield>
            <subfield code="z">M/23443</subfield>
          </datafield>
          <datafield tag="917" ind1=" " ind2=" ">
            <subfield code="5">974112101:262178834</subfield>
            <subfield code="a">aauu</subfield>
          </datafield>
          <datafield tag="930" ind1=" " ind2=" ">
            <subfield code="5">974112101:262178834</subfield>
            <subfield code="b">974112101</subfield>
            <subfield code="c">BU DROIT - LETTRES</subfield>
            <subfield code="d">1 LETTRES - SC HUM</subfield>
            <subfield code="a">153.2 RUF</subfield>
            <subfield code="j">u</subfield>
          </datafield>
          <datafield tag="915" ind1=" " ind2=" ">
            <subfield code="5">590092203:188812822</subfield>
            <subfield code="a">2003/145</subfield>
            <subfield code="b">0450022835</subfield>
          </datafield>
          <datafield tag="917" ind1=" " ind2=" ">
            <subfield code="5">590092203:188812822</subfield>
            <subfield code="a">aaac</subfield>
          </datafield>
          <datafield tag="930" ind1=" " ind2=" ">
            <subfield code="5">590092203:188812822</subfield>
            <subfield code="b">590092203</subfield>
            <subfield code="a">155.4 RUF</subfield>
            <subfield code="j">u</subfield>
          </datafield>
          <datafield tag="999" ind1=" " ind2=" ">
            <subfield code="5">590092203:188812822</subfield>
            <subfield code="a">25PRET</subfield>
            <subfield code="b">25PSY</subfield>
          </datafield>
          <datafield tag="915" ind1=" " ind2=" ">
            <subfield code="5">590092101:188812830</subfield>
            <subfield code="a">CG 11199</subfield>
            <subfield code="b">0216035778</subfield>
          </datafield>
          <datafield tag="917" ind1=" " ind2=" ">
            <subfield code="5">590092101:188812830</subfield>
            <subfield code="a">aaax</subfield>
          </datafield>
          <datafield tag="930" ind1=" " ind2=" ">
            <subfield code="5">590092101:188812830</subfield>
            <subfield code="b">590092101</subfield>
            <subfield code="a">155.4 RUF</subfield>
            <subfield code="j">g</subfield>
          </datafield>
          <datafield tag="999" ind1=" " ind2=" ">
            <subfield code="5">590092101:188812830</subfield>
            <subfield code="a">0CG</subfield>
            <subfield code="b">0CGPHIL</subfield>
          </datafield>
          <datafield tag="915" ind1=" " ind2=" ">
            <subfield code="5">590092101:188812849</subfield>
            <subfield code="a">SA 40668</subfield>
            <subfield code="b">0215868902</subfield>
          </datafield>
          <datafield tag="917" ind1=" " ind2=" ">
            <subfield code="5">590092101:188812849</subfield>
            <subfield code="a">aaax</subfield>
          </datafield>
          <datafield tag="930" ind1=" " ind2=" ">
            <subfield code="5">590092101:188812849</subfield>
            <subfield code="b">590092101</subfield>
            <subfield code="a">155.4 RUF</subfield>
            <subfield code="j">u</subfield>
          </datafield>
          <datafield tag="999" ind1=" " ind2=" ">
            <subfield code="5">590092101:188812849</subfield>
            <subfield code="a">0LIA</subfield>
            <subfield code="b">0PSY</subfield>
          </datafield>
          <datafield tag="915" ind1=" " ind2=" ">
            <subfield code="5">692662101:133878287</subfield>
            <subfield code="a">S/20102129</subfield>
          </datafield>
          <datafield tag="917" ind1=" " ind2=" ">
            <subfield code="5">692662101:133878287</subfield>
            <subfield code="a">aaxx</subfield>
          </datafield>
          <datafield tag="930" ind1=" " ind2=" ">
            <subfield code="5">692662101:133878287</subfield>
            <subfield code="b">692662101</subfield>
            <subfield code="e">FKBA</subfield>
            <subfield code="j">u</subfield>
          </datafield>
          <datafield tag="999" ind1=" " ind2=" ">
            <subfield code="5">692662101:133878287</subfield>
            <subfield code="z">S/20102129</subfield>
            <subfield code="g">BG</subfield>
          </datafield>
          <datafield tag="930" ind1=" " ind2=" ">
            <subfield code="5">690292101:13713455X</subfield>
            <subfield code="b">690292101</subfield>
            <subfield code="j">u</subfield>
          </datafield>
          <datafield tag="915" ind1=" " ind2=" ">
            <subfield code="5">574632105:133878295</subfield>
            <subfield code="a">N/12930L</subfield>
          </datafield>
          <datafield tag="917" ind1=" " ind2=" ">
            <subfield code="5">574632105:133878295</subfield>
            <subfield code="a">aaxx</subfield>
          </datafield>
          <datafield tag="930" ind1=" " ind2=" ">
            <subfield code="5">574632105:133878295</subfield>
            <subfield code="b">574632105</subfield>
            <subfield code="e">ERMA</subfield>
            <subfield code="a">155.4 RUF</subfield>
            <subfield code="j">u</subfield>
          </datafield>
          <datafield tag="999" ind1=" " ind2=" ">
            <subfield code="5">574632105:133878295</subfield>
            <subfield code="z">N/12930L</subfield>
          </datafield>
          <datafield tag="915" ind1=" " ind2=" ">
            <subfield code="5">341722103:140554637</subfield>
            <subfield code="a">341722103a/20846</subfield>
          </datafield>
          <datafield tag="917" ind1=" " ind2=" ">
            <subfield code="5">341722103:140554637</subfield>
            <subfield code="a">aaxx</subfield>
          </datafield>
          <datafield tag="930" ind1=" " ind2=" ">
            <subfield code="5">341722103:140554637</subfield>
            <subfield code="b">341722103</subfield>
            <subfield code="d">p</subfield>
            <subfield code="a">617 RUF</subfield>
            <subfield code="j">u</subfield>
            <subfield code="2">CDU</subfield>
          </datafield>
          <datafield tag="992" ind1=" " ind2=" ">
            <subfield code="5">341722103:140554637</subfield>
            <subfield code="a">umlpss</subfield>
          </datafield>
          <datafield tag="999" ind1=" " ind2=" ">
            <subfield code="5">341722103:140554637</subfield>
            <subfield code="a">S 12912</subfield>
            <subfield code="b">341722103p</subfield>
            <subfield code="d">1</subfield>
            <subfield code="e">1</subfield>
            <subfield code="1">cdu-ml</subfield>
            <subfield code="c">617 RUF</subfield>
            <subfield code="x">341722103a/20846</subfield>
            <subfield code="u">mlpss</subfield>
            <subfield code="p">4342133</subfield>
            <subfield code="5">18.06.2001/342103/fp</subfield>
          </datafield>
          <datafield tag="930" ind1=" " ind2=" ">
            <subfield code="5">301892102:19997571X</subfield>
            <subfield code="b">301892102</subfield>
            <subfield code="a">618.928 9 RUF</subfield>
            <subfield code="j">u</subfield>
          </datafield>
          <datafield tag="915" ind1=" " ind2=" ">
            <subfield code="5">060882103:153962909</subfield>
            <subfield code="a">22285-05-A</subfield>
            <subfield code="b">0962035661</subfield>
          </datafield>
          <datafield tag="917" ind1=" " ind2=" ">
            <subfield code="5">060882103:153962909</subfield>
            <subfield code="a">aaac</subfield>
          </datafield>
          <datafield tag="930" ind1=" " ind2=" ">
            <subfield code="5">060882103:153962909</subfield>
            <subfield code="b">060882103</subfield>
            <subfield code="c">BU-DRO</subfield>
            <subfield code="d">CLT</subfield>
            <subfield code="a">PSY RUF</subfield>
            <subfield code="j">u</subfield>
          </datafield>
          <datafield tag="915" ind1=" " ind2=" ">
            <subfield code="5">661362102:134772180</subfield>
            <subfield code="b">0PEL0142158</subfield>
          </datafield>
          <datafield tag="930" ind1=" " ind2=" ">
            <subfield code="5">661362102:134772180</subfield>
            <subfield code="b">661362102</subfield>
            <subfield code="a">159.92 RUF</subfield>
            <subfield code="j">u</subfield>
          </datafield>
          <datafield tag="915" ind1=" " ind2=" ">
            <subfield code="5">861942101:143806335</subfield>
            <subfield code="b">0341202</subfield>
          </datafield>
          <datafield tag="930" ind1=" " ind2=" ">
            <subfield code="5">861942101:143806335</subfield>
            <subfield code="b">861942101</subfield>
            <subfield code="c">Salle de lettres</subfield>
            <subfield code="a">F 128533=616.82 RUF</subfield>
            <subfield code="j">u</subfield>
          </datafield>
          <datafield tag="915" ind1=" " ind2=" ">
            <subfield code="5">514542102:145313506</subfield>
            <subfield code="a">LE011264</subfield>
          </datafield>
          <datafield tag="917" ind1=" " ind2=" ">
            <subfield code="5">514542102:145313506</subfield>
            <subfield code="a">aaax</subfield>
          </datafield>
          <datafield tag="930" ind1=" " ind2=" ">
            <subfield code="5">514542102:145313506</subfield>
            <subfield code="b">514542102</subfield>
            <subfield code="j">u</subfield>
          </datafield>
          <datafield tag="999" ind1=" " ind2=" ">
            <subfield code="5">514542102:145313506</subfield>
            <subfield code="a">LEOUV</subfield>
          </datafield>
          <datafield tag="915" ind1=" " ind2=" ">
            <subfield code="5">352382212:144009293</subfield>
            <subfield code="a">0283448533</subfield>
            <subfield code="b">0283448533</subfield>
          </datafield>
          <datafield tag="917" ind1=" " ind2=" ">
            <subfield code="5">352382212:144009293</subfield>
            <subfield code="a">aaaa</subfield>
          </datafield>
          <datafield tag="930" ind1=" " ind2=" ">
            <subfield code="5">352382212:144009293</subfield>
            <subfield code="b">352382212</subfield>
            <subfield code="a">616.89 RUF</subfield>
            <subfield code="j">u</subfield>
          </datafield>
          <datafield tag="930" ind1=" " ind2=" ">
            <subfield code="5">674821001:153813903</subfield>
            <subfield code="b">674821001</subfield>
            <subfield code="a">Z.101.652</subfield>
            <subfield code="j">u</subfield>
          </datafield>
          <datafield tag="990" ind1=" " ind2=" ">
            <subfield code="5">674821001:153813903</subfield>
            <subfield code="0">FBFT</subfield>
          </datafield>
          <datafield tag="930" ind1=" " ind2=" ">
            <subfield code="5">315552104:169292959</subfield>
            <subfield code="b">315552104</subfield>
            <subfield code="a">159.97 RUF</subfield>
            <subfield code="j">u</subfield>
          </datafield>
          <datafield tag="930" ind1=" " ind2=" ">
            <subfield code="5">315552102:196852188</subfield>
            <subfield code="b">315552102</subfield>
            <subfield code="a">155.4 RUF</subfield>
            <subfield code="j">u</subfield>
          </datafield>
          <datafield tag="930" ind1=" " ind2=" ">
            <subfield code="5">751052102:154961353</subfield>
            <subfield code="b">751052102</subfield>
            <subfield code="a">153 RUF</subfield>
            <subfield code="j">u</subfield>
          </datafield>
          <datafield tag="915" ind1=" " ind2=" ">
            <subfield code="5">751052104:137449623</subfield>
            <subfield code="a">E 58556-S</subfield>
          </datafield>
          <datafield tag="917" ind1=" " ind2=" ">
            <subfield code="5">751052104:137449623</subfield>
            <subfield code="a">aaxx</subfield>
          </datafield>
          <datafield tag="930" ind1=" " ind2=" ">
            <subfield code="5">751052104:137449623</subfield>
            <subfield code="b">751052104</subfield>
            <subfield code="a">159.922.7-RUF</subfield>
            <subfield code="j">u</subfield>
          </datafield>
          <datafield tag="999" ind1=" " ind2=" ">
            <subfield code="5">751052104:137449623</subfield>
            <subfield code="c">BU</subfield>
            <subfield code="d">PA0701</subfield>
            <subfield code="a">159.922.7-RUF</subfield>
            <subfield code="A">E 58556-S</subfield>
          </datafield>
          <datafield tag="930" ind1=" " ind2=" ">
            <subfield code="5">920502102:142983934</subfield>
            <subfield code="b">920502102</subfield>
            <subfield code="a">616-053.2 RUF  c</subfield>
            <subfield code="j">u</subfield>
          </datafield>
          <datafield tag="930" ind1=" " ind2=" ">
            <subfield code="5">920502102:14429074X</subfield>
            <subfield code="b">920502102</subfield>
            <subfield code="a">616-053.2 RUF  c</subfield>
            <subfield code="j">u</subfield>
          </datafield>
          <datafield tag="915" ind1=" " ind2=" ">
            <subfield code="5">930792101:140554645</subfield>
            <subfield code="a">930792101a</subfield>
          </datafield>
          <datafield tag="917" ind1=" " ind2=" ">
            <subfield code="5">930792101:140554645</subfield>
            <subfield code="a">aaxx</subfield>
          </datafield>
          <datafield tag="930" ind1=" " ind2=" ">
            <subfield code="5">930792101:140554645</subfield>
            <subfield code="b">930792101</subfield>
            <subfield code="d">bh</subfield>
            <subfield code="a">616-053.2 RUF</subfield>
            <subfield code="j">u</subfield>
            <subfield code="2">CDU</subfield>
          </datafield>
          <datafield tag="992" ind1=" " ind2=" ">
            <subfield code="5">930792101:140554645</subfield>
            <subfield code="a">upvmed</subfield>
          </datafield>
          <datafield tag="999" ind1=" " ind2=" ">
            <subfield code="5">930792101:140554645</subfield>
            <subfield code="a">I 212322-323 P</subfield>
            <subfield code="b">930792101bh</subfield>
            <subfield code="d">2</subfield>
            <subfield code="e">1</subfield>
            <subfield code="1">cdu-pv</subfield>
            <subfield code="c">616-053.2 RUF</subfield>
            <subfield code="x">930792101a</subfield>
            <subfield code="u">pvmed</subfield>
            <subfield code="p">RUFOTME99</subfield>
            <subfield code="5">21.06.2001/932199/nch</subfield>
          </datafield>
          <datafield tag="915" ind1=" " ind2=" ">
            <subfield code="5">751052116:137449631</subfield>
            <subfield code="a">B10715687</subfield>
            <subfield code="b">9106005665</subfield>
          </datafield>
          <datafield tag="917" ind1=" " ind2=" ">
            <subfield code="5">751052116:137449631</subfield>
            <subfield code="a">aaxx</subfield>
          </datafield>
          <datafield tag="930" ind1=" " ind2=" ">
            <subfield code="5">751052116:137449631</subfield>
            <subfield code="b">751052116</subfield>
            <subfield code="a">8 T SUP 33827</subfield>
            <subfield code="j">u</subfield>
          </datafield>
          <datafield tag="999" ind1=" " ind2=" ">
            <subfield code="5">751052116:137449631</subfield>
            <subfield code="c">BU</subfield>
            <subfield code="d">BSG</subfield>
            <subfield code="a">8 T SUP 33827</subfield>
            <subfield code="v">9106005665</subfield>
            <subfield code="A">B10715687</subfield>
          </datafield>
          <datafield tag="930" ind1=" " ind2=" ">
            <subfield code="5">751062103:141388390</subfield>
            <subfield code="b">751062103</subfield>
            <subfield code="c">MAGASIN</subfield>
            <subfield code="a">Z 185689</subfield>
            <subfield code="j">s</subfield>
          </datafield>
          <datafield tag="999" ind1=" " ind2=" ">
            <subfield code="5">751062103:141388390</subfield>
            <subfield code="a">1MONM</subfield>
            <subfield code="b">1MONM</subfield>
          </datafield>
          <datafield tag="930" ind1=" " ind2=" ">
            <subfield code="5">010532301:248919024</subfield>
            <subfield code="b">010532301</subfield>
            <subfield code="j">g</subfield>
          </datafield>
          <datafield tag="991" ind1=" " ind2=" ">
            <subfield code="5">010532301:248919024</subfield>
            <subfield code="a">Exemplaire créé automatiquement par l'ABES</subfield>
          </datafield>
        </record>
      </recordData>
      <recordPosition>73</recordPosition>
    </record>