
    <record>
      <recordSchema>dc</recordSchema>
      <recordPacking>xml</recordPacking>
      <recordData>
        <record xsi:schemaLocation="http://www.loc.gov/MARC21/slim http://www.loc.gov/standards/marcxml/schema/MARC21slim.xsd" xmlns="http://www.loc.gov/MARC21/slim" xmlns:xsi="http://www.w3.org/2001/XMLSchema-instance">
          <leader>01595cam0 2200421   4500</leader>
          <controlfield tag="001">053565169</controlfield>
          <controlfield tag="005">20040921194026.000</controlfield>
          <datafield tag="010" ind1=" " ind2=" ">
            <subfield code="a">2-07-041497-3</subfield>
            <subfield code="b">br</subfield>
            <subfield code="d">26 F : 3,96 EUR</subfield>
          </datafield>
          <datafield tag="021" ind1=" " ind2=" ">
            <subfield code="a">FR</subfield>
            <subfield code="b">DL 00-38770 (D4)</subfield>
          </datafield>
          <datafield tag="035" ind1=" " ind2=" ">
            <subfield code="a">frBN026016264</subfield>
          </datafield>
          <datafield tag="035" ind1=" " ind2=" ">
            <subfield code="5">250562101</subfield>
            <subfield code="a">402234</subfield>
          </datafield>
          <datafield tag="100" ind1=" " ind2=" ">
            <subfield code="a">20010115d2000    k  y0frey0103    ba</subfield>
          </datafield>
          <datafield tag="101" ind1="1" ind2=" ">
            <subfield code="a">fre</subfield>
            <subfield code="c">grc</subfield>
          </datafield>
          <datafield tag="102" ind1=" " ind2=" ">
            <subfield code="a">FR</subfield>
          </datafield>
          <datafield tag="105" ind1=" " ind2=" ">
            <subfield code="a">a   z   000gy</subfield>
          </datafield>
          <datafield tag="106" ind1=" " ind2=" ">
            <subfield code="a">r</subfield>
          </datafield>
          <datafield tag="200" ind1="1" ind2=" ">
            <subfield code="a">Oedipe roi</subfield>
            <subfield code="b">Texte imprimé</subfield>
            <subfield code="a">suivi de Prolongements</subfield>
            <subfield code="e">étude du mythe d'Oedipeà travers les âges</subfield>
            <subfield code="f">Sophocle</subfield>
            <subfield code="g">lecture accompagnée par Guy Belzane,...</subfield>
          </datafield>
          <datafield tag="210" ind1=" " ind2=" ">
            <subfield code="a">[Paris]</subfield>
            <subfield code="c">Gallimard</subfield>
            <subfield code="d">2000</subfield>
            <subfield code="e">27-Mesnil-sur-l'Estrée</subfield>
            <subfield code="g">Impr. Firmin-Didot</subfield>
          </datafield>
          <datafield tag="215" ind1=" " ind2=" ">
            <subfield code="a">233 p</subfield>
            <subfield code="c">ill., couv. ill. en coul</subfield>
            <subfield code="d">18 cm</subfield>
          </datafield>
          <datafield tag="225" ind1="2" ind2=" ">
            <subfield code="a">&lt;?char 136 ?&gt;La &lt;?char 137 ?&gt;bibliothèque Gallimard</subfield>
            <subfield code="v">62</subfield>
          </datafield>
          <datafield tag="320" ind1=" " ind2=" ">
            <subfield code="a">Bibliogr. p.232-233. Glossaire</subfield>
          </datafield>
          <datafield tag="345" ind1=" " ind2=" ">
            <subfield code="b">9782070414970</subfield>
          </datafield>
          <datafield tag="410" ind1=" " ind2=" ">
            <subfield code="9">620</subfield>
            <subfield code="0">04060814X</subfield>
            <subfield code="t">&lt;?char 136 ?&gt;La &lt;?char 137 ?&gt;Bibliothèque Gallimard</subfield>
            <subfield code="x">1289-7949</subfield>
            <subfield code="v">62</subfield>
          </datafield>
          <datafield tag="454" ind1=" " ind2=" ">
            <subfield code="t">Oedipus rex</subfield>
          </datafield>
          <datafield tag="500" ind1=" " ind2=" ">
            <subfield code="3">030706777</subfield>
            <subfield code="a">Oedipe roi</subfield>
            <subfield code="m">français</subfield>
            <subfield code="k">2000</subfield>
          </datafield>
          <datafield tag="675" ind1=" " ind2=" ">
            <subfield code="a">822</subfield>
            <subfield code="v">Éd. 1967</subfield>
          </datafield>
          <datafield tag="676" ind1=" " ind2=" ">
            <subfield code="a">882.01</subfield>
          </datafield>
          <datafield tag="700" ind1=" " ind2="1">
            <subfield code="3">027143619</subfield>
            <subfield code="a">Sophocle</subfield>
            <subfield code="f">0496?-0406 av. J.-C.</subfield>
            <subfield code="4">070</subfield>
          </datafield>
          <datafield tag="702" ind1=" " ind2="1">
            <subfield code="3">030850630</subfield>
            <subfield code="a">Belzane</subfield>
            <subfield code="b">Guy</subfield>
            <subfield code="4">340</subfield>
          </datafield>
          <datafield tag="801" ind1=" " ind2="3">
            <subfield code="a">FR</subfield>
            <subfield code="b">Abes</subfield>
            <subfield code="c">20040921</subfield>
            <subfield code="g">AFNOR</subfield>
          </datafield>
          <datafield tag="801" ind1=" " ind2="3">
            <subfield code="a">FR</subfield>
            <subfield code="b">BN</subfield>
            <subfield code="c">20040921</subfield>
            <subfield code="g">AFNOR</subfield>
          </datafield>
          <datafield tag="915" ind1=" " ind2=" ">
            <subfield code="5">250562101:13380867X</subfield>
            <subfield code="b">1144258346</subfield>
          </datafield>
          <datafield tag="917" ind1=" " ind2=" ">
            <subfield code="5">250562101:13380867X</subfield>
            <subfield code="a">aaxx</subfield>
          </datafield>
          <datafield tag="930" ind1=" " ind2=" ">
            <subfield code="5">250562101:13380867X</subfield>
            <subfield code="b">250562101</subfield>
            <subfield code="a">848021</subfield>
            <subfield code="j">u</subfield>
          </datafield>
          <datafield tag="999" ind1=" " ind2=" ">
            <subfield code="5">250562101:13380867X</subfield>
            <subfield code="c">BU</subfield>
            <subfield code="d">BESA01</subfield>
            <subfield code="a">848021</subfield>
            <subfield code="v">1144258346</subfield>
          </datafield>
          <datafield tag="930" ind1=" " ind2=" ">
            <subfield code="5">212312101:195420942</subfield>
            <subfield code="b">212312101</subfield>
            <subfield code="a">882 SOP</subfield>
            <subfield code="j">u</subfield>
          </datafield>
          <datafield tag="930" ind1=" " ind2=" ">
            <subfield code="5">341722103:196392586</subfield>
            <subfield code="b">341722103</subfield>
            <subfield code="j">u</subfield>
          </datafield>
          <datafield tag="930" ind1=" " ind2=" ">
            <subfield code="5">810042101:148051014</subfield>
            <subfield code="b">810042101</subfield>
            <subfield code="a">882 SOP</subfield>
            <subfield code="j">u</subfield>
          </datafield>
        </record>
      </recordData>
      <recordPosition>74</recordPosition>
    </record>