
    <record>
      <recordSchema>dc</recordSchema>
      <recordPacking>xml</recordPacking>
      <recordData>
        <record xsi:schemaLocation="http://www.loc.gov/MARC21/slim http://www.loc.gov/standards/marcxml/schema/MARC21slim.xsd" xmlns="http://www.loc.gov/MARC21/slim" xmlns:xsi="http://www.w3.org/2001/XMLSchema-instance">
          <leader>01173cam0 22003252  4500</leader>
          <controlfield tag="001">051663600</controlfield>
          <controlfield tag="005">20031110142206.000</controlfield>
          <datafield tag="010" ind1=" " ind2=" ">
            <subfield code="b">br. ; erroné</subfield>
            <subfield code="d">95 FRF</subfield>
          </datafield>
          <datafield tag="010" ind1=" " ind2=" ">
            <subfield code="a">2-912712-07-6</subfield>
            <subfield code="b">rectifié</subfield>
            <subfield code="d">95 FRF</subfield>
          </datafield>
          <datafield tag="020" ind1=" " ind2=" ">
            <subfield code="a">FR</subfield>
            <subfield code="b">00066096</subfield>
          </datafield>
          <datafield tag="021" ind1=" " ind2=" ">
            <subfield code="a">FR</subfield>
            <subfield code="b">DL 00-12366 (DX)</subfield>
          </datafield>
          <datafield tag="035" ind1=" " ind2=" ">
            <subfield code="a">frBN025413373</subfield>
          </datafield>
          <datafield tag="100" ind1=" " ind2=" ">
            <subfield code="a">20000606d2000    k  y0frey0103    ba</subfield>
          </datafield>
          <datafield tag="101" ind1="0" ind2=" ">
            <subfield code="a">fre</subfield>
          </datafield>
          <datafield tag="102" ind1=" " ind2=" ">
            <subfield code="a">FR</subfield>
          </datafield>
          <datafield tag="105" ind1=" " ind2=" ">
            <subfield code="a">y   zz  000by</subfield>
          </datafield>
          <datafield tag="106" ind1=" " ind2=" ">
            <subfield code="a">r</subfield>
          </datafield>
          <datafield tag="200" ind1="1" ind2=" ">
            <subfield code="a">&lt;?char 136 ?&gt;L'&lt;?char 137 ?&gt;Anti-Oedipe</subfield>
            <subfield code="b">Texte imprimé</subfield>
            <subfield code="e">Oedipe, roi d'Oedipe</subfield>
            <subfield code="e">tragédie en 3 actes</subfield>
            <subfield code="f">Henry Thano Zaphiratos</subfield>
          </datafield>
          <datafield tag="210" ind1=" " ind2=" ">
            <subfield code="a">Golfe-Juan</subfield>
            <subfield code="b">796 Gd-Bd de Super-Cannes, 06350</subfield>
            <subfield code="c">Athena</subfield>
            <subfield code="d">2000</subfield>
            <subfield code="e">06-Nice</subfield>
            <subfield code="g">Impr. Ciais</subfield>
          </datafield>
          <datafield tag="215" ind1=" " ind2=" ">
            <subfield code="a">91 p.</subfield>
            <subfield code="c">couv. ill. en coul.</subfield>
            <subfield code="d">22 cm</subfield>
          </datafield>
          <datafield tag="675" ind1=" " ind2=" ">
            <subfield code="a">822</subfield>
            <subfield code="v">Éd. 1967</subfield>
          </datafield>
          <datafield tag="676" ind1=" " ind2=" ">
            <subfield code="a">800</subfield>
          </datafield>
          <datafield tag="700" ind1=" " ind2="1">
            <subfield code="3">035188057</subfield>
            <subfield code="a">Zaphiratos</subfield>
            <subfield code="b">Henry Thano</subfield>
            <subfield code="f">1928-....</subfield>
            <subfield code="4">070</subfield>
          </datafield>
          <datafield tag="801" ind1=" " ind2="3">
            <subfield code="a">FR</subfield>
            <subfield code="b">Abes</subfield>
            <subfield code="c">20031110</subfield>
            <subfield code="g">AFNOR</subfield>
          </datafield>
          <datafield tag="801" ind1=" " ind2="3">
            <subfield code="a">FR</subfield>
            <subfield code="b">BN</subfield>
            <subfield code="c">20031110</subfield>
            <subfield code="g">AFNOR</subfield>
          </datafield>
          <datafield tag="930" ind1=" " ind2=" ">
            <subfield code="5">751052219:146300866</subfield>
            <subfield code="b">751052219</subfield>
            <subfield code="a">Ti 2474</subfield>
            <subfield code="j">u</subfield>
          </datafield>
          <datafield tag="915" ind1=" " ind2=" ">
            <subfield code="5">751052116:126988722</subfield>
            <subfield code="a">B10703139</subfield>
            <subfield code="b">9105951246</subfield>
          </datafield>
          <datafield tag="917" ind1=" " ind2=" ">
            <subfield code="5">751052116:126988722</subfield>
            <subfield code="a">aaxx</subfield>
          </datafield>
          <datafield tag="930" ind1=" " ind2=" ">
            <subfield code="5">751052116:126988722</subfield>
            <subfield code="b">751052116</subfield>
            <subfield code="a">8 Y SUP 73127</subfield>
            <subfield code="j">u</subfield>
          </datafield>
          <datafield tag="999" ind1=" " ind2=" ">
            <subfield code="5">751052116:126988722</subfield>
            <subfield code="c">BU</subfield>
            <subfield code="d">BSG</subfield>
            <subfield code="a">8 Y SUP 73127</subfield>
            <subfield code="v">9105951246</subfield>
            <subfield code="A">B10703139</subfield>
          </datafield>
        </record>
      </recordData>
      <recordPosition>76</recordPosition>
    </record>