
    <record>
      <recordSchema>dc</recordSchema>
      <recordPacking>xml</recordPacking>
      <recordData>
        <record xsi:schemaLocation="http://www.loc.gov/MARC21/slim http://www.loc.gov/standards/marcxml/schema/MARC21slim.xsd" xmlns="http://www.loc.gov/MARC21/slim" xmlns:xsi="http://www.w3.org/2001/XMLSchema-instance">
          <leader>07405cam0 2201669   4500</leader>
          <controlfield tag="001">050566008</controlfield>
          <controlfield tag="005">20040920204923.000</controlfield>
          <datafield tag="010" ind1=" " ind2=" ">
            <subfield code="a">2-13-050754-9</subfield>
            <subfield code="b">br</subfield>
            <subfield code="d">118 FRF</subfield>
          </datafield>
          <datafield tag="020" ind1=" " ind2=" ">
            <subfield code="a">FR</subfield>
            <subfield code="b">00064679</subfield>
          </datafield>
          <datafield tag="021" ind1=" " ind2=" ">
            <subfield code="a">FR</subfield>
            <subfield code="b">DL 00-20689 (DX)</subfield>
          </datafield>
          <datafield tag="035" ind1=" " ind2=" ">
            <subfield code="a">sib1585761</subfield>
          </datafield>
          <datafield tag="035" ind1=" " ind2=" ">
            <subfield code="a">ocm43984347</subfield>
          </datafield>
          <datafield tag="035" ind1=" " ind2=" ">
            <subfield code="a">DYNIX-BUNAN-408342</subfield>
          </datafield>
          <datafield tag="035" ind1=" " ind2=" ">
            <subfield code="a">frBN025439980</subfield>
          </datafield>
          <datafield tag="035" ind1=" " ind2=" ">
            <subfield code="5">130552102</subfield>
            <subfield code="a">DYNIX-BUANG-295764</subfield>
          </datafield>
          <datafield tag="100" ind1=" " ind2=" ">
            <subfield code="a">20000719d2000    k  |0frey0103    ba</subfield>
          </datafield>
          <datafield tag="101" ind1="0" ind2=" ">
            <subfield code="a">fre</subfield>
          </datafield>
          <datafield tag="102" ind1=" " ind2=" ">
            <subfield code="a">FR</subfield>
          </datafield>
          <datafield tag="105" ind1=" " ind2=" ">
            <subfield code="a">|||||||||||||</subfield>
          </datafield>
          <datafield tag="106" ind1=" " ind2=" ">
            <subfield code="a">r</subfield>
          </datafield>
          <datafield tag="200" ind1="1" ind2=" ">
            <subfield code="a">&lt;?char 136 ?&gt;L'&lt;?char 137 ?&gt;Oedipe originaire</subfield>
            <subfield code="f">Claude Le Guen</subfield>
          </datafield>
          <datafield tag="205" ind1=" " ind2=" ">
            <subfield code="a">Nouvelle édition entièrement revue et corrigée, révisée et complétée.</subfield>
          </datafield>
          <datafield tag="210" ind1=" " ind2=" ">
            <subfield code="a">Paris</subfield>
            <subfield code="c">Presses universitaires de France</subfield>
            <subfield code="d">2000</subfield>
          </datafield>
          <datafield tag="215" ind1=" " ind2=" ">
            <subfield code="a">202 p.</subfield>
            <subfield code="d">22 cm</subfield>
          </datafield>
          <datafield tag="225" ind1="2" ind2=" ">
            <subfield code="a">Epîtres</subfield>
          </datafield>
          <datafield tag="301" ind1=" " ind2=" ">
            <subfield code="a">TZT</subfield>
          </datafield>
          <datafield tag="345" ind1=" " ind2=" ">
            <subfield code="b">9782130507543</subfield>
          </datafield>
          <datafield tag="410" ind1=" " ind2=" ">
            <subfield code="0">040581160</subfield>
            <subfield code="t">Épîtres (Paris)</subfield>
            <subfield code="x">1285-3305</subfield>
          </datafield>
          <datafield tag="606" ind1="1" ind2=" ">
            <subfield code="3">027241505</subfield>
            <subfield code="a">Psychanalyse</subfield>
            <subfield code="2">rameau</subfield>
          </datafield>
          <datafield tag="606" ind1="1" ind2=" ">
            <subfield code="3">027230600</subfield>
            <subfield code="a">Complexe d'Oedipe</subfield>
            <subfield code="2">rameau</subfield>
          </datafield>
          <datafield tag="610" ind1="0" ind2=" ">
            <subfield code="a">Psychoanalysis</subfield>
          </datafield>
          <datafield tag="675" ind1=" " ind2=" ">
            <subfield code="a">1</subfield>
            <subfield code="v">Éd. 1967</subfield>
          </datafield>
          <datafield tag="676" ind1=" " ind2=" ">
            <subfield code="a">150.195</subfield>
            <subfield code="v">21</subfield>
          </datafield>
          <datafield tag="676" ind1=" " ind2=" ">
            <subfield code="5">130552102</subfield>
            <subfield code="a">150.195</subfield>
          </datafield>
          <datafield tag="676" ind1=" " ind2=" ">
            <subfield code="5">130552102</subfield>
            <subfield code="a">154.24</subfield>
            <subfield code="f">LEG</subfield>
          </datafield>
          <datafield tag="676" ind1=" " ind2=" ">
            <subfield code="5">130552102</subfield>
            <subfield code="a">150.195</subfield>
            <subfield code="f">LEG</subfield>
          </datafield>
          <datafield tag="700" ind1=" " ind2="1">
            <subfield code="3">026973219</subfield>
            <subfield code="a">Le Guen</subfield>
            <subfield code="b">Claude</subfield>
          </datafield>
          <datafield tag="801" ind1=" " ind2="3">
            <subfield code="a">FR</subfield>
            <subfield code="b">Abes</subfield>
            <subfield code="c">20040920</subfield>
            <subfield code="g">AFNOR</subfield>
          </datafield>
          <datafield tag="801" ind1=" " ind2="3">
            <subfield code="a">FR</subfield>
            <subfield code="b">SF</subfield>
            <subfield code="c">20040920</subfield>
            <subfield code="g">AFNOR</subfield>
          </datafield>
          <datafield tag="801" ind1=" " ind2="1">
            <subfield code="a">US</subfield>
            <subfield code="b">OCLC</subfield>
            <subfield code="c">20040920</subfield>
            <subfield code="g">AACR2</subfield>
          </datafield>
          <datafield tag="801" ind1=" " ind2="2">
            <subfield code="a">FR</subfield>
            <subfield code="b">AUROC</subfield>
            <subfield code="c">20040920</subfield>
            <subfield code="g">AFNOR</subfield>
          </datafield>
          <datafield tag="801" ind1=" " ind2="3">
            <subfield code="a">FR</subfield>
            <subfield code="b">BN</subfield>
            <subfield code="c">20040920</subfield>
            <subfield code="g">AFNOR</subfield>
          </datafield>
          <datafield tag="915" ind1=" " ind2=" ">
            <subfield code="5">130552102:127381201</subfield>
            <subfield code="a">130552102a/</subfield>
          </datafield>
          <datafield tag="917" ind1=" " ind2=" ">
            <subfield code="5">130552102:127381201</subfield>
            <subfield code="a">aaxx</subfield>
          </datafield>
          <datafield tag="930" ind1=" " ind2=" ">
            <subfield code="5">130552102:127381201</subfield>
            <subfield code="b">130552102</subfield>
            <subfield code="d">a</subfield>
            <subfield code="a">159.96 LEG</subfield>
            <subfield code="j">u</subfield>
            <subfield code="2">CDU</subfield>
          </datafield>
          <datafield tag="992" ind1=" " ind2=" ">
            <subfield code="5">130552102:127381201</subfield>
            <subfield code="a">uajdiv</subfield>
          </datafield>
          <datafield tag="999" ind1=" " ind2=" ">
            <subfield code="5">130552102:127381201</subfield>
            <subfield code="a">L 37234</subfield>
            <subfield code="b">130552102a</subfield>
            <subfield code="d">1</subfield>
            <subfield code="e">1</subfield>
            <subfield code="1">cdu-aj</subfield>
            <subfield code="c">159.96 LEG</subfield>
            <subfield code="x">130552102a</subfield>
            <subfield code="u">ajdiv</subfield>
            <subfield code="5">05.09.2000/132199/laf</subfield>
          </datafield>
          <datafield tag="915" ind1=" " ind2=" ">
            <subfield code="5">800212102:139293035</subfield>
            <subfield code="a">B/M 2000-2355</subfield>
          </datafield>
          <datafield tag="917" ind1=" " ind2=" ">
            <subfield code="5">800212102:139293035</subfield>
            <subfield code="a">aaxx</subfield>
          </datafield>
          <datafield tag="930" ind1=" " ind2=" ">
            <subfield code="5">800212102:139293035</subfield>
            <subfield code="b">800212102</subfield>
            <subfield code="e">FIPM</subfield>
            <subfield code="j">u</subfield>
          </datafield>
          <datafield tag="999" ind1=" " ind2=" ">
            <subfield code="5">800212102:139293035</subfield>
            <subfield code="z">B/M 2000-2355</subfield>
          </datafield>
          <datafield tag="930" ind1=" " ind2=" ">
            <subfield code="5">490072106:203198670</subfield>
            <subfield code="b">490072106</subfield>
            <subfield code="a">15 050 LEG 018508</subfield>
            <subfield code="j">s</subfield>
          </datafield>
          <datafield tag="915" ind1=" " ind2=" ">
            <subfield code="5">250562101:133651800</subfield>
            <subfield code="b">1144007883</subfield>
          </datafield>
          <datafield tag="917" ind1=" " ind2=" ">
            <subfield code="5">250562101:133651800</subfield>
            <subfield code="a">aaxx</subfield>
          </datafield>
          <datafield tag="930" ind1=" " ind2=" ">
            <subfield code="5">250562101:133651800</subfield>
            <subfield code="b">250562101</subfield>
            <subfield code="a">670054</subfield>
            <subfield code="j">u</subfield>
          </datafield>
          <datafield tag="999" ind1=" " ind2=" ">
            <subfield code="5">250562101:133651800</subfield>
            <subfield code="c">BU</subfield>
            <subfield code="d">BESA01</subfield>
            <subfield code="a">670054</subfield>
            <subfield code="v">1144007883</subfield>
          </datafield>
          <datafield tag="930" ind1=" " ind2=" ">
            <subfield code="5">330632102:197367143</subfield>
            <subfield code="b">330632102</subfield>
            <subfield code="a">150.195 LEG</subfield>
            <subfield code="j">g</subfield>
          </datafield>
          <datafield tag="915" ind1=" " ind2=" ">
            <subfield code="5">330632103:127381228</subfield>
            <subfield code="a">330632103a/</subfield>
          </datafield>
          <datafield tag="917" ind1=" " ind2=" ">
            <subfield code="5">330632103:127381228</subfield>
            <subfield code="a">aaxx</subfield>
          </datafield>
          <datafield tag="930" ind1=" " ind2=" ">
            <subfield code="5">330632103:127381228</subfield>
            <subfield code="b">330632103</subfield>
            <subfield code="d">a</subfield>
            <subfield code="a">150.195 LEG</subfield>
            <subfield code="j">u</subfield>
            <subfield code="2">dewey</subfield>
          </datafield>
          <datafield tag="999" ind1=" " ind2=" ">
            <subfield code="5">330632103:127381228</subfield>
            <subfield code="a">ALL 5063</subfield>
            <subfield code="b">330632103a</subfield>
            <subfield code="d">1</subfield>
            <subfield code="e">1</subfield>
            <subfield code="1">dew-br</subfield>
            <subfield code="c">150.195 LEG</subfield>
            <subfield code="x">330632103a</subfield>
            <subfield code="5">27.07.2000/332199/gdu</subfield>
          </datafield>
          <datafield tag="915" ind1=" " ind2=" ">
            <subfield code="5">290192101:133044521</subfield>
            <subfield code="a">A/2414522</subfield>
          </datafield>
          <datafield tag="917" ind1=" " ind2=" ">
            <subfield code="5">290192101:133044521</subfield>
            <subfield code="a">aaxx</subfield>
          </datafield>
          <datafield tag="930" ind1=" " ind2=" ">
            <subfield code="5">290192101:133044521</subfield>
            <subfield code="b">290192101</subfield>
            <subfield code="e">BRUL</subfield>
            <subfield code="a">150.195 LEG</subfield>
            <subfield code="j">u</subfield>
          </datafield>
          <datafield tag="999" ind1=" " ind2=" ">
            <subfield code="5">290192101:133044521</subfield>
            <subfield code="z">A/2414522</subfield>
          </datafield>
          <datafield tag="917" ind1=" " ind2=" ">
            <subfield code="5">212312101:133651819</subfield>
            <subfield code="a">aaxx</subfield>
          </datafield>
          <datafield tag="930" ind1=" " ind2=" ">
            <subfield code="5">212312101:133651819</subfield>
            <subfield code="b">212312101</subfield>
            <subfield code="a">155.3/1007*BU/DL</subfield>
            <subfield code="j">u</subfield>
          </datafield>
          <datafield tag="999" ind1=" " ind2=" ">
            <subfield code="5">212312101:133651819</subfield>
            <subfield code="c">BU</subfield>
            <subfield code="d">DIJO01</subfield>
            <subfield code="a">155.3/1007*BU/DL</subfield>
          </datafield>
          <datafield tag="915" ind1=" " ind2=" ">
            <subfield code="5">384212101:126797773</subfield>
            <subfield code="a">S12273</subfield>
            <subfield code="b">0348794154</subfield>
          </datafield>
          <datafield tag="930" ind1=" " ind2=" ">
            <subfield code="5">384212101:126797773</subfield>
            <subfield code="b">384212101</subfield>
            <subfield code="a">S13273</subfield>
            <subfield code="j">u</subfield>
          </datafield>
          <datafield tag="915" ind1=" " ind2=" ">
            <subfield code="5">590092101:192003496</subfield>
            <subfield code="a">SA 39817</subfield>
            <subfield code="b">0215786282</subfield>
          </datafield>
          <datafield tag="917" ind1=" " ind2=" ">
            <subfield code="5">590092101:192003496</subfield>
            <subfield code="a">aaax</subfield>
          </datafield>
          <datafield tag="930" ind1=" " ind2=" ">
            <subfield code="5">590092101:192003496</subfield>
            <subfield code="b">590092101</subfield>
            <subfield code="a">150.195 LEG</subfield>
            <subfield code="j">u</subfield>
          </datafield>
          <datafield tag="999" ind1=" " ind2=" ">
            <subfield code="5">590092101:192003496</subfield>
            <subfield code="a">0LIA</subfield>
            <subfield code="b">0PSY</subfield>
          </datafield>
          <datafield tag="930" ind1=" " ind2=" ">
            <subfield code="5">690292101:128608870</subfield>
            <subfield code="b">690292101</subfield>
            <subfield code="j">u</subfield>
          </datafield>
          <datafield tag="915" ind1=" " ind2=" ">
            <subfield code="5">341722103:114093946</subfield>
            <subfield code="a">341722103a/11280</subfield>
          </datafield>
          <datafield tag="917" ind1=" " ind2=" ">
            <subfield code="5">341722103:114093946</subfield>
            <subfield code="a">aaxx</subfield>
          </datafield>
          <datafield tag="930" ind1=" " ind2=" ">
            <subfield code="5">341722103:114093946</subfield>
            <subfield code="b">341722103</subfield>
            <subfield code="d">p</subfield>
            <subfield code="a">159.96 LEG</subfield>
            <subfield code="j">u</subfield>
            <subfield code="2">CDU</subfield>
          </datafield>
          <datafield tag="992" ind1=" " ind2=" ">
            <subfield code="5">341722103:114093946</subfield>
            <subfield code="a">umlpss</subfield>
          </datafield>
          <datafield tag="999" ind1=" " ind2=" ">
            <subfield code="5">341722103:114093946</subfield>
            <subfield code="a">S 12406</subfield>
            <subfield code="b">341722103p</subfield>
            <subfield code="d">1</subfield>
            <subfield code="e">1</subfield>
            <subfield code="1">cdu-ml</subfield>
            <subfield code="c">159.96 LEG</subfield>
            <subfield code="x">341722103a/11280</subfield>
            <subfield code="u">mlpss</subfield>
            <subfield code="p">4232469</subfield>
            <subfield code="5">07.07.2000/342103/vil</subfield>
          </datafield>
          <datafield tag="915" ind1=" " ind2=" ">
            <subfield code="5">543952103:129452939</subfield>
            <subfield code="a">F/S 14830</subfield>
          </datafield>
          <datafield tag="917" ind1=" " ind2=" ">
            <subfield code="5">543952103:129452939</subfield>
            <subfield code="a">aaxx</subfield>
          </datafield>
          <datafield tag="930" ind1=" " ind2=" ">
            <subfield code="5">543952103:129452939</subfield>
            <subfield code="b">543952103</subfield>
            <subfield code="e">FGNL</subfield>
            <subfield code="a">A 156.4 leg</subfield>
            <subfield code="j">u</subfield>
          </datafield>
          <datafield tag="999" ind1=" " ind2=" ">
            <subfield code="5">543952103:129452939</subfield>
            <subfield code="z">F/S 14830</subfield>
          </datafield>
          <datafield tag="915" ind1=" " ind2=" ">
            <subfield code="5">441092102:181439514</subfield>
            <subfield code="a">0083567753</subfield>
            <subfield code="b">0083567753</subfield>
          </datafield>
          <datafield tag="930" ind1=" " ind2=" ">
            <subfield code="5">441092102:181439514</subfield>
            <subfield code="b">441092102</subfield>
            <subfield code="a">155.3 LEG</subfield>
            <subfield code="j">u</subfield>
          </datafield>
          <datafield tag="915" ind1=" " ind2=" ">
            <subfield code="5">441092102:181439522</subfield>
            <subfield code="a">0083567746</subfield>
            <subfield code="b">0083567746</subfield>
          </datafield>
          <datafield tag="930" ind1=" " ind2=" ">
            <subfield code="5">441092102:181439522</subfield>
            <subfield code="b">441092102</subfield>
            <subfield code="a">155.3 LEG</subfield>
            <subfield code="j">u</subfield>
          </datafield>
          <datafield tag="915" ind1=" " ind2=" ">
            <subfield code="5">060882105:129213993</subfield>
            <subfield code="a">20212-09-A</subfield>
            <subfield code="b">0940007122</subfield>
          </datafield>
          <datafield tag="917" ind1=" " ind2=" ">
            <subfield code="5">060882105:129213993</subfield>
            <subfield code="a">aaac</subfield>
          </datafield>
          <datafield tag="930" ind1=" " ind2=" ">
            <subfield code="5">060882105:129213993</subfield>
            <subfield code="b">060882105</subfield>
            <subfield code="c">BU-STJ</subfield>
            <subfield code="d">PSYCHO</subfield>
            <subfield code="a">BF 175 .5 .O33 LEG</subfield>
            <subfield code="j">u</subfield>
          </datafield>
          <datafield tag="915" ind1=" " ind2=" ">
            <subfield code="5">514542102:131592505</subfield>
            <subfield code="a">L/LE004338</subfield>
          </datafield>
          <datafield tag="917" ind1=" " ind2=" ">
            <subfield code="5">514542102:131592505</subfield>
            <subfield code="a">aaxx</subfield>
          </datafield>
          <datafield tag="930" ind1=" " ind2=" ">
            <subfield code="5">514542102:131592505</subfield>
            <subfield code="b">514542102</subfield>
            <subfield code="e">FHRB</subfield>
            <subfield code="j">u</subfield>
          </datafield>
          <datafield tag="999" ind1=" " ind2=" ">
            <subfield code="5">514542102:131592505</subfield>
            <subfield code="z">L/LE004338</subfield>
          </datafield>
          <datafield tag="915" ind1=" " ind2=" ">
            <subfield code="5">352382101:113376669</subfield>
            <subfield code="a">0284300755</subfield>
            <subfield code="b">0284300755</subfield>
          </datafield>
          <datafield tag="930" ind1=" " ind2=" ">
            <subfield code="5">352382101:113376669</subfield>
            <subfield code="b">352382101</subfield>
            <subfield code="a">S 150.195/LE GU/1052</subfield>
            <subfield code="j">u</subfield>
          </datafield>
          <datafield tag="917" ind1=" " ind2=" ">
            <subfield code="5">422182101:133651827</subfield>
            <subfield code="a">aaxx</subfield>
          </datafield>
          <datafield tag="930" ind1=" " ind2=" ">
            <subfield code="5">422182101:133651827</subfield>
            <subfield code="b">422182101</subfield>
            <subfield code="j">u</subfield>
          </datafield>
          <datafield tag="999" ind1=" " ind2=" ">
            <subfield code="5">422182101:133651827</subfield>
            <subfield code="c">BU</subfield>
            <subfield code="d">STET21</subfield>
            <subfield code="a">S 53638</subfield>
          </datafield>
          <datafield tag="930" ind1=" " ind2=" ">
            <subfield code="5">422182102:145371689</subfield>
            <subfield code="b">422182102</subfield>
            <subfield code="a">WM 460.5 LEG</subfield>
            <subfield code="j">u</subfield>
          </datafield>
          <datafield tag="917" ind1=" " ind2=" ">
            <subfield code="5">422182101:151731128</subfield>
            <subfield code="a">aaxx</subfield>
          </datafield>
          <datafield tag="930" ind1=" " ind2=" ">
            <subfield code="5">422182101:151731128</subfield>
            <subfield code="b">422182101</subfield>
            <subfield code="j">u</subfield>
          </datafield>
          <datafield tag="999" ind1=" " ind2=" ">
            <subfield code="5">422182101:151731128</subfield>
            <subfield code="c">BU</subfield>
            <subfield code="d">STET22</subfield>
            <subfield code="a">S 53638</subfield>
          </datafield>
          <datafield tag="915" ind1=" " ind2=" ">
            <subfield code="5">674821001:139293043</subfield>
            <subfield code="a">M/B.173.064</subfield>
          </datafield>
          <datafield tag="917" ind1=" " ind2=" ">
            <subfield code="5">674821001:139293043</subfield>
            <subfield code="a">aaxx</subfield>
          </datafield>
          <datafield tag="930" ind1=" " ind2=" ">
            <subfield code="5">674821001:139293043</subfield>
            <subfield code="b">674821001</subfield>
            <subfield code="e">FBFP</subfield>
            <subfield code="j">u</subfield>
          </datafield>
          <datafield tag="999" ind1=" " ind2=" ">
            <subfield code="5">674821001:139293043</subfield>
            <subfield code="z">M/B.173.064</subfield>
          </datafield>
          <datafield tag="915" ind1=" " ind2=" ">
            <subfield code="5">315552102:135995760</subfield>
            <subfield code="a">315552102a/</subfield>
            <subfield code="b">0TOL0322105</subfield>
          </datafield>
          <datafield tag="917" ind1=" " ind2=" ">
            <subfield code="5">315552102:135995760</subfield>
            <subfield code="a">aaxx</subfield>
          </datafield>
          <datafield tag="930" ind1=" " ind2=" ">
            <subfield code="5">315552102:135995760</subfield>
            <subfield code="b">315552102</subfield>
            <subfield code="d">p</subfield>
            <subfield code="a">150.195 LEG</subfield>
            <subfield code="j">u</subfield>
            <subfield code="2">dewey</subfield>
          </datafield>
          <datafield tag="992" ind1=" " ind2=" ">
            <subfield code="5">315552102:135995760</subfield>
            <subfield code="a">utlps</subfield>
          </datafield>
          <datafield tag="999" ind1=" " ind2=" ">
            <subfield code="5">315552102:135995760</subfield>
            <subfield code="a">D 37396</subfield>
            <subfield code="b">315552102p</subfield>
            <subfield code="d">1</subfield>
            <subfield code="e">1</subfield>
            <subfield code="1">dew-tl</subfield>
            <subfield code="c">150.195 LEG</subfield>
            <subfield code="x">315552102a</subfield>
            <subfield code="u">tlps</subfield>
            <subfield code="y">0TOL0322105</subfield>
            <subfield code="p">581496</subfield>
            <subfield code="5">16.02.2001/312102/maf</subfield>
          </datafield>
          <datafield tag="915" ind1=" " ind2=" ">
            <subfield code="5">372612102:134692594</subfield>
            <subfield code="a">S/S 12649</subfield>
          </datafield>
          <datafield tag="917" ind1=" " ind2=" ">
            <subfield code="5">372612102:134692594</subfield>
            <subfield code="a">aaxx</subfield>
          </datafield>
          <datafield tag="930" ind1=" " ind2=" ">
            <subfield code="5">372612102:134692594</subfield>
            <subfield code="b">372612102</subfield>
            <subfield code="e">SRTL</subfield>
            <subfield code="j">u</subfield>
          </datafield>
          <datafield tag="999" ind1=" " ind2=" ">
            <subfield code="5">372612102:134692594</subfield>
            <subfield code="z">S/S 12649</subfield>
          </datafield>
          <datafield tag="915" ind1=" " ind2=" ">
            <subfield code="5">920502102:131455885</subfield>
            <subfield code="a">920502102a/</subfield>
          </datafield>
          <datafield tag="917" ind1=" " ind2=" ">
            <subfield code="5">920502102:131455885</subfield>
            <subfield code="a">aaxx</subfield>
          </datafield>
          <datafield tag="930" ind1=" " ind2=" ">
            <subfield code="5">920502102:131455885</subfield>
            <subfield code="b">920502102</subfield>
            <subfield code="d">as</subfield>
            <subfield code="a">159.964 LEG</subfield>
            <subfield code="j">u</subfield>
            <subfield code="2">CDU</subfield>
          </datafield>
          <datafield tag="999" ind1=" " ind2=" ">
            <subfield code="5">920502102:131455885</subfield>
            <subfield code="a">SB 673</subfield>
            <subfield code="b">920502102as</subfield>
            <subfield code="d">1</subfield>
            <subfield code="e">1</subfield>
            <subfield code="1">cdu-pn</subfield>
            <subfield code="c">159.964 LEG</subfield>
            <subfield code="x">920502102a</subfield>
            <subfield code="5">28.11.2000/922102/mat</subfield>
          </datafield>
          <datafield tag="915" ind1=" " ind2=" ">
            <subfield code="5">930792101:135995779</subfield>
            <subfield code="a">930792101a</subfield>
          </datafield>
          <datafield tag="917" ind1=" " ind2=" ">
            <subfield code="5">930792101:135995779</subfield>
            <subfield code="a">aaxx</subfield>
          </datafield>
          <datafield tag="930" ind1=" " ind2=" ">
            <subfield code="5">930792101:135995779</subfield>
            <subfield code="b">930792101</subfield>
            <subfield code="d">bd</subfield>
            <subfield code="a">159.964 LEG</subfield>
            <subfield code="j">u</subfield>
            <subfield code="2">CDU</subfield>
          </datafield>
          <datafield tag="992" ind1=" " ind2=" ">
            <subfield code="5">930792101:135995779</subfield>
            <subfield code="a">upvpsy</subfield>
          </datafield>
          <datafield tag="999" ind1=" " ind2=" ">
            <subfield code="5">930792101:135995779</subfield>
            <subfield code="a">D 209020 P</subfield>
            <subfield code="b">930792101bd</subfield>
            <subfield code="d">1</subfield>
            <subfield code="e">1</subfield>
            <subfield code="1">cdu-pv</subfield>
            <subfield code="c">159.964 LEG</subfield>
            <subfield code="x">930792101a</subfield>
            <subfield code="u">pvpsy</subfield>
            <subfield code="p">LE*OONE99</subfield>
            <subfield code="5">21.02.2001/932199/nch</subfield>
          </datafield>
          <datafield tag="915" ind1=" " ind2=" ">
            <subfield code="5">751052105:114093954</subfield>
            <subfield code="a">751052105a/449825</subfield>
          </datafield>
          <datafield tag="917" ind1=" " ind2=" ">
            <subfield code="5">751052105:114093954</subfield>
            <subfield code="a">aaxx</subfield>
          </datafield>
          <datafield tag="930" ind1=" " ind2=" ">
            <subfield code="5">751052105:114093954</subfield>
            <subfield code="b">751052105</subfield>
            <subfield code="d">a</subfield>
            <subfield code="a">M 8= 7782</subfield>
            <subfield code="j">u</subfield>
          </datafield>
          <datafield tag="999" ind1=" " ind2=" ">
            <subfield code="5">751052105:114093954</subfield>
            <subfield code="a">M 8= 7782</subfield>
            <subfield code="b">751052105a</subfield>
            <subfield code="d">1</subfield>
            <subfield code="e">1</subfield>
            <subfield code="x">751052105a/449825</subfield>
            <subfield code="5">27.06.2000/752105/vat</subfield>
          </datafield>
          <datafield tag="915" ind1=" " ind2=" ">
            <subfield code="5">751052116:137385757</subfield>
            <subfield code="a">B10717479</subfield>
            <subfield code="b">9106123383</subfield>
          </datafield>
          <datafield tag="917" ind1=" " ind2=" ">
            <subfield code="5">751052116:137385757</subfield>
            <subfield code="a">aaxx</subfield>
          </datafield>
          <datafield tag="930" ind1=" " ind2=" ">
            <subfield code="5">751052116:137385757</subfield>
            <subfield code="b">751052116</subfield>
            <subfield code="a">8 R SUP 45236</subfield>
            <subfield code="j">u</subfield>
          </datafield>
          <datafield tag="999" ind1=" " ind2=" ">
            <subfield code="5">751052116:137385757</subfield>
            <subfield code="c">BU</subfield>
            <subfield code="d">BSG</subfield>
            <subfield code="a">8 R SUP 45236</subfield>
            <subfield code="v">9106123383</subfield>
            <subfield code="A">B10717479</subfield>
          </datafield>
          <datafield tag="915" ind1=" " ind2=" ">
            <subfield code="5">751142102:127381236</subfield>
            <subfield code="a">751142102a/61766</subfield>
          </datafield>
          <datafield tag="917" ind1=" " ind2=" ">
            <subfield code="5">751142102:127381236</subfield>
            <subfield code="a">aaxx</subfield>
          </datafield>
          <datafield tag="930" ind1=" " ind2=" ">
            <subfield code="5">751142102:127381236</subfield>
            <subfield code="b">751142102</subfield>
            <subfield code="d">b</subfield>
            <subfield code="a">159.964 LEG</subfield>
            <subfield code="j">u</subfield>
            <subfield code="2">CDU</subfield>
          </datafield>
          <datafield tag="992" ind1=" " ind2=" ">
            <subfield code="5">751142102:127381236</subfield>
            <subfield code="a">upupl</subfield>
          </datafield>
          <datafield tag="999" ind1=" " ind2=" ">
            <subfield code="5">751142102:127381236</subfield>
            <subfield code="a">M 42001</subfield>
            <subfield code="b">751142102b</subfield>
            <subfield code="d">1</subfield>
            <subfield code="e">1</subfield>
            <subfield code="1">cdu-pu</subfield>
            <subfield code="c">159.964 LEG</subfield>
            <subfield code="x">751142102a/61766</subfield>
            <subfield code="u">pupl</subfield>
            <subfield code="5">09.08.2000/752198/tj</subfield>
          </datafield>
          <datafield tag="915" ind1=" " ind2=" ">
            <subfield code="5">751052144:201898268</subfield>
            <subfield code="b">3350241823</subfield>
          </datafield>
          <datafield tag="930" ind1=" " ind2=" ">
            <subfield code="5">751052144:201898268</subfield>
            <subfield code="b">751052144</subfield>
            <subfield code="a">159.01 LEG</subfield>
            <subfield code="j">i</subfield>
          </datafield>
          <datafield tag="999" ind1=" " ind2=" ">
            <subfield code="5">751052144:201898268</subfield>
            <subfield code="a">EM</subfield>
            <subfield code="b">PSY3A</subfield>
          </datafield>
        </record>
      </recordData>
      <recordPosition>77</recordPosition>
    </record>