
    <record>
      <recordSchema>dc</recordSchema>
      <recordPacking>xml</recordPacking>
      <recordData>
        <record xsi:schemaLocation="http://www.loc.gov/MARC21/slim http://www.loc.gov/standards/marcxml/schema/MARC21slim.xsd" xmlns="http://www.loc.gov/MARC21/slim" xmlns:xsi="http://www.w3.org/2001/XMLSchema-instance">
          <leader>06417cam0 2201405   4500</leader>
          <controlfield tag="001">048534617</controlfield>
          <controlfield tag="005">20040919204546.000</controlfield>
          <datafield tag="010" ind1=" " ind2=" ">
            <subfield code="a">2-7178-3840-6</subfield>
            <subfield code="b">br</subfield>
            <subfield code="d">49 F : 7,47 EUR</subfield>
          </datafield>
          <datafield tag="020" ind1=" " ind2=" ">
            <subfield code="a">FR</subfield>
            <subfield code="b">00045286</subfield>
          </datafield>
          <datafield tag="021" ind1=" " ind2=" ">
            <subfield code="a">FR</subfield>
            <subfield code="b">DL 00-06044 (D1)</subfield>
          </datafield>
          <datafield tag="035" ind1=" " ind2=" ">
            <subfield code="a">sib1539704</subfield>
          </datafield>
          <datafield tag="035" ind1=" " ind2=" ">
            <subfield code="a">ocm44557195</subfield>
          </datafield>
          <datafield tag="035" ind1=" " ind2=" ">
            <subfield code="a">DYNIX-BUNAN-401343</subfield>
          </datafield>
          <datafield tag="035" ind1=" " ind2=" ">
            <subfield code="a">frBN025261136</subfield>
          </datafield>
          <datafield tag="035" ind1=" " ind2=" ">
            <subfield code="5">490072106</subfield>
            <subfield code="a">DYNIX-BUANG-292361</subfield>
          </datafield>
          <datafield tag="100" ind1=" " ind2=" ">
            <subfield code="a">20000404d2000    ||||0frey0103    ba</subfield>
          </datafield>
          <datafield tag="101" ind1="0" ind2=" ">
            <subfield code="a">fre</subfield>
          </datafield>
          <datafield tag="105" ind1=" " ind2=" ">
            <subfield code="a">y   |||||||||</subfield>
          </datafield>
          <datafield tag="200" ind1="1" ind2=" ">
            <subfield code="a">Complexe d'Oedipe et complexe de castration</subfield>
            <subfield code="f">Michel Lapeyre</subfield>
          </datafield>
          <datafield tag="210" ind1=" " ind2=" ">
            <subfield code="a">Paris</subfield>
            <subfield code="c">Anthropos</subfield>
            <subfield code="d">2000</subfield>
          </datafield>
          <datafield tag="215" ind1=" " ind2=" ">
            <subfield code="a">110 p.</subfield>
            <subfield code="d">20 cm</subfield>
          </datafield>
          <datafield tag="225" ind1="1" ind2=" ">
            <subfield code="a">Poche psychanalyse</subfield>
            <subfield code="v">14</subfield>
          </datafield>
          <datafield tag="320" ind1=" " ind2=" ">
            <subfield code="a">Bibliogr. p. 107</subfield>
          </datafield>
          <datafield tag="345" ind1=" " ind2=" ">
            <subfield code="b">9782717838404</subfield>
          </datafield>
          <datafield tag="410" ind1=" " ind2=" ">
            <subfield code="9">140</subfield>
            <subfield code="0">040426017</subfield>
            <subfield code="t">Poche psychanalyse (Paris)</subfield>
            <subfield code="x">1264-3386</subfield>
            <subfield code="v">14</subfield>
          </datafield>
          <datafield tag="606" ind1="1" ind2=" ">
            <subfield code="3">027823393</subfield>
            <subfield code="a">Complexe de castration</subfield>
            <subfield code="2">rameau</subfield>
          </datafield>
          <datafield tag="606" ind1="1" ind2=" ">
            <subfield code="3">027230600</subfield>
            <subfield code="a">Complexe d'Oedipe</subfield>
            <subfield code="2">rameau</subfield>
          </datafield>
          <datafield tag="675" ind1=" " ind2=" ">
            <subfield code="a">1</subfield>
            <subfield code="v">Éd. 1967</subfield>
          </datafield>
          <datafield tag="676" ind1=" " ind2=" ">
            <subfield code="a">100</subfield>
          </datafield>
          <datafield tag="676" ind1=" " ind2=" ">
            <subfield code="5">490072106</subfield>
            <subfield code="a">150.195</subfield>
          </datafield>
          <datafield tag="676" ind1=" " ind2=" ">
            <subfield code="5">490072106</subfield>
            <subfield code="a">150.195</subfield>
            <subfield code="f">LAP</subfield>
          </datafield>
          <datafield tag="676" ind1=" " ind2=" ">
            <subfield code="5">490072106</subfield>
            <subfield code="a">150.195</subfield>
            <subfield code="f">LAP</subfield>
          </datafield>
          <datafield tag="700" ind1=" " ind2="1">
            <subfield code="3">032806272</subfield>
            <subfield code="a">Lapeyre</subfield>
            <subfield code="b">Michel</subfield>
            <subfield code="f">1946-....</subfield>
          </datafield>
          <datafield tag="801" ind1=" " ind2="3">
            <subfield code="a">FR</subfield>
            <subfield code="b">Abes</subfield>
            <subfield code="c">20040919</subfield>
            <subfield code="g">AFNOR</subfield>
          </datafield>
          <datafield tag="801" ind1=" " ind2="3">
            <subfield code="a">FR</subfield>
            <subfield code="b">SF</subfield>
            <subfield code="c">20040919</subfield>
            <subfield code="g">AFNOR</subfield>
          </datafield>
          <datafield tag="801" ind1=" " ind2="1">
            <subfield code="a">US</subfield>
            <subfield code="b">OCLC</subfield>
            <subfield code="c">20040919</subfield>
            <subfield code="g">AACR2</subfield>
          </datafield>
          <datafield tag="801" ind1=" " ind2="2">
            <subfield code="a">FR</subfield>
            <subfield code="b">AUROC</subfield>
            <subfield code="c">20040919</subfield>
            <subfield code="g">AFNOR</subfield>
          </datafield>
          <datafield tag="801" ind1=" " ind2="3">
            <subfield code="a">FR</subfield>
            <subfield code="b">BN</subfield>
            <subfield code="c">20040919</subfield>
            <subfield code="g">AFNOR</subfield>
          </datafield>
          <datafield tag="930" ind1=" " ind2=" ">
            <subfield code="5">490072106:203181611</subfield>
            <subfield code="b">490072106</subfield>
            <subfield code="a">15 050 LAP 018522</subfield>
            <subfield code="j">s</subfield>
          </datafield>
          <datafield tag="930" ind1=" " ind2=" ">
            <subfield code="5">490072106:20318162X</subfield>
            <subfield code="b">490072106</subfield>
            <subfield code="a">15 050 LAP 020414</subfield>
            <subfield code="j">s</subfield>
          </datafield>
          <datafield tag="930" ind1=" " ind2=" ">
            <subfield code="5">490072106:203181638</subfield>
            <subfield code="b">490072106</subfield>
            <subfield code="a">15 050 LAP 020415</subfield>
            <subfield code="j">s</subfield>
          </datafield>
          <datafield tag="915" ind1=" " ind2=" ">
            <subfield code="5">250562101:126934525</subfield>
            <subfield code="b">1143755020</subfield>
          </datafield>
          <datafield tag="917" ind1=" " ind2=" ">
            <subfield code="5">250562101:126934525</subfield>
            <subfield code="a">aaxx</subfield>
          </datafield>
          <datafield tag="930" ind1=" " ind2=" ">
            <subfield code="5">250562101:126934525</subfield>
            <subfield code="b">250562101</subfield>
            <subfield code="a">846884</subfield>
            <subfield code="j">u</subfield>
          </datafield>
          <datafield tag="999" ind1=" " ind2=" ">
            <subfield code="5">250562101:126934525</subfield>
            <subfield code="c">BU</subfield>
            <subfield code="d">BESA01</subfield>
            <subfield code="a">846884</subfield>
            <subfield code="v">1143755020</subfield>
          </datafield>
          <datafield tag="915" ind1=" " ind2=" ">
            <subfield code="5">330632102:113831161</subfield>
            <subfield code="a">330632102a/</subfield>
          </datafield>
          <datafield tag="917" ind1=" " ind2=" ">
            <subfield code="5">330632102:113831161</subfield>
            <subfield code="a">aaxx</subfield>
          </datafield>
          <datafield tag="930" ind1=" " ind2=" ">
            <subfield code="5">330632102:113831161</subfield>
            <subfield code="b">330632102</subfield>
            <subfield code="d">p</subfield>
            <subfield code="a">150.195 LAP</subfield>
            <subfield code="j">u</subfield>
            <subfield code="2">dewey</subfield>
          </datafield>
          <datafield tag="999" ind1=" " ind2=" ">
            <subfield code="5">330632102:113831161</subfield>
            <subfield code="a">VB 25840</subfield>
            <subfield code="b">330632102p</subfield>
            <subfield code="d">2</subfield>
            <subfield code="e">1</subfield>
            <subfield code="1">dew-bv</subfield>
            <subfield code="c">150.195 LAP</subfield>
            <subfield code="x">330632102a</subfield>
            <subfield code="5">13.06.2000/332197/mpe</subfield>
          </datafield>
          <datafield tag="915" ind1=" " ind2=" ">
            <subfield code="5">290192101:128470461</subfield>
            <subfield code="a">A/2281728</subfield>
          </datafield>
          <datafield tag="917" ind1=" " ind2=" ">
            <subfield code="5">290192101:128470461</subfield>
            <subfield code="a">aaxx</subfield>
          </datafield>
          <datafield tag="930" ind1=" " ind2=" ">
            <subfield code="5">290192101:128470461</subfield>
            <subfield code="b">290192101</subfield>
            <subfield code="e">BRUL</subfield>
            <subfield code="a">150.195 LAP</subfield>
            <subfield code="j">u</subfield>
          </datafield>
          <datafield tag="999" ind1=" " ind2=" ">
            <subfield code="5">290192101:128470461</subfield>
            <subfield code="z">A/2281728</subfield>
          </datafield>
          <datafield tag="917" ind1=" " ind2=" ">
            <subfield code="5">212312101:126934533</subfield>
            <subfield code="a">aaxx</subfield>
          </datafield>
          <datafield tag="930" ind1=" " ind2=" ">
            <subfield code="5">212312101:126934533</subfield>
            <subfield code="b">212312101</subfield>
            <subfield code="a">155.3/1006*BU/DL</subfield>
            <subfield code="j">u</subfield>
          </datafield>
          <datafield tag="999" ind1=" " ind2=" ">
            <subfield code="5">212312101:126934533</subfield>
            <subfield code="c">BU</subfield>
            <subfield code="d">DIJO01</subfield>
            <subfield code="a">155.3/1006*BU/DL</subfield>
          </datafield>
          <datafield tag="915" ind1=" " ind2=" ">
            <subfield code="5">384212101:113390009</subfield>
            <subfield code="a">S13191</subfield>
            <subfield code="b">0348716163</subfield>
          </datafield>
          <datafield tag="930" ind1=" " ind2=" ">
            <subfield code="5">384212101:113390009</subfield>
            <subfield code="b">384212101</subfield>
            <subfield code="a">S13191</subfield>
            <subfield code="j">u</subfield>
          </datafield>
          <datafield tag="915" ind1=" " ind2=" ">
            <subfield code="5">590092101:191994774</subfield>
            <subfield code="a">SA 39680</subfield>
            <subfield code="b">0215770632</subfield>
          </datafield>
          <datafield tag="917" ind1=" " ind2=" ">
            <subfield code="5">590092101:191994774</subfield>
            <subfield code="a">aaax</subfield>
          </datafield>
          <datafield tag="930" ind1=" " ind2=" ">
            <subfield code="5">590092101:191994774</subfield>
            <subfield code="b">590092101</subfield>
            <subfield code="a">150.195 LAP</subfield>
            <subfield code="j">u</subfield>
          </datafield>
          <datafield tag="999" ind1=" " ind2=" ">
            <subfield code="5">590092101:191994774</subfield>
            <subfield code="a">0LIA</subfield>
            <subfield code="b">0PSY</subfield>
          </datafield>
          <datafield tag="915" ind1=" " ind2=" ">
            <subfield code="5">870852108:11383117X</subfield>
            <subfield code="a">870852108a/</subfield>
          </datafield>
          <datafield tag="917" ind1=" " ind2=" ">
            <subfield code="5">870852108:11383117X</subfield>
            <subfield code="a">aaxx</subfield>
          </datafield>
          <datafield tag="930" ind1=" " ind2=" ">
            <subfield code="5">870852108:11383117X</subfield>
            <subfield code="b">870852108</subfield>
            <subfield code="d">a</subfield>
            <subfield code="a">WM 460 LAP</subfield>
            <subfield code="j">u</subfield>
            <subfield code="2">nlm-lm</subfield>
          </datafield>
          <datafield tag="999" ind1=" " ind2=" ">
            <subfield code="5">870852108:11383117X</subfield>
            <subfield code="a">M 28653</subfield>
            <subfield code="b">870852108a</subfield>
            <subfield code="d">1</subfield>
            <subfield code="e">1</subfield>
            <subfield code="1">nlm-lm</subfield>
            <subfield code="c">WM 460 LAP</subfield>
            <subfield code="x">870852108a</subfield>
            <subfield code="5">05.05.2000/872108/bjy</subfield>
          </datafield>
          <datafield tag="915" ind1=" " ind2=" ">
            <subfield code="5">690292101:112307264</subfield>
            <subfield code="b">355051</subfield>
          </datafield>
          <datafield tag="917" ind1=" " ind2=" ">
            <subfield code="5">690292101:112307264</subfield>
            <subfield code="a">aaxx</subfield>
          </datafield>
          <datafield tag="930" ind1=" " ind2=" ">
            <subfield code="5">690292101:112307264</subfield>
            <subfield code="b">690292101</subfield>
            <subfield code="j">u</subfield>
          </datafield>
          <datafield tag="999" ind1=" " ind2=" ">
            <subfield code="5">690292101:112307264</subfield>
            <subfield code="c">BU</subfield>
            <subfield code="d">LY0201</subfield>
            <subfield code="a">159.964.2 LAP</subfield>
            <subfield code="v">355051</subfield>
          </datafield>
          <datafield tag="915" ind1=" " ind2=" ">
            <subfield code="5">341722103:110634411</subfield>
            <subfield code="a">341722103a/5331a-b</subfield>
          </datafield>
          <datafield tag="917" ind1=" " ind2=" ">
            <subfield code="5">341722103:110634411</subfield>
            <subfield code="a">aaxx</subfield>
          </datafield>
          <datafield tag="930" ind1=" " ind2=" ">
            <subfield code="5">341722103:110634411</subfield>
            <subfield code="b">341722103</subfield>
            <subfield code="d">p</subfield>
            <subfield code="a">159.96 LAP</subfield>
            <subfield code="j">u</subfield>
            <subfield code="2">CDU</subfield>
          </datafield>
          <datafield tag="992" ind1=" " ind2=" ">
            <subfield code="5">341722103:110634411</subfield>
            <subfield code="a">umlpss</subfield>
          </datafield>
          <datafield tag="999" ind1=" " ind2=" ">
            <subfield code="5">341722103:110634411</subfield>
            <subfield code="a">S 12217</subfield>
            <subfield code="b">341722103p</subfield>
            <subfield code="d">2</subfield>
            <subfield code="e">1</subfield>
            <subfield code="1">cdu-ml</subfield>
            <subfield code="c">159.96 LAP</subfield>
            <subfield code="x">341722103a/5331a-b</subfield>
            <subfield code="u">mlpss</subfield>
            <subfield code="p">1507869</subfield>
            <subfield code="5">04.04.2000/342103/vil</subfield>
          </datafield>
          <datafield tag="930" ind1=" " ind2=" ">
            <subfield code="5">301892102:14999611X</subfield>
            <subfield code="b">301892102</subfield>
            <subfield code="a">154.24 LAP</subfield>
            <subfield code="j">u</subfield>
          </datafield>
          <datafield tag="915" ind1=" " ind2=" ">
            <subfield code="5">441092102:181374919</subfield>
            <subfield code="a">0083526293</subfield>
            <subfield code="b">0083526293</subfield>
          </datafield>
          <datafield tag="930" ind1=" " ind2=" ">
            <subfield code="5">441092102:181374919</subfield>
            <subfield code="b">441092102</subfield>
            <subfield code="a">155.3 LAP</subfield>
            <subfield code="j">u</subfield>
          </datafield>
          <datafield tag="915" ind1=" " ind2=" ">
            <subfield code="5">441092102:181374927</subfield>
            <subfield code="a">0083526286</subfield>
            <subfield code="b">0083526286</subfield>
          </datafield>
          <datafield tag="930" ind1=" " ind2=" ">
            <subfield code="5">441092102:181374927</subfield>
            <subfield code="b">441092102</subfield>
            <subfield code="a">155.3 LAP</subfield>
            <subfield code="j">u</subfield>
          </datafield>
          <datafield tag="915" ind1=" " ind2=" ">
            <subfield code="5">352382101:112307272</subfield>
            <subfield code="b">0284211020</subfield>
          </datafield>
          <datafield tag="917" ind1=" " ind2=" ">
            <subfield code="5">352382101:112307272</subfield>
            <subfield code="a">aaxx</subfield>
          </datafield>
          <datafield tag="930" ind1=" " ind2=" ">
            <subfield code="5">352382101:112307272</subfield>
            <subfield code="b">352382101</subfield>
            <subfield code="j">u</subfield>
          </datafield>
          <datafield tag="999" ind1=" " ind2=" ">
            <subfield code="5">352382101:112307272</subfield>
            <subfield code="c">BU</subfield>
            <subfield code="d">RE0201</subfield>
            <subfield code="v">0284211020</subfield>
          </datafield>
          <datafield tag="930" ind1=" " ind2=" ">
            <subfield code="5">674822116:187776237</subfield>
            <subfield code="b">674822116</subfield>
            <subfield code="a">PA 154.24 LAP</subfield>
            <subfield code="j">u</subfield>
          </datafield>
          <datafield tag="915" ind1=" " ind2=" ">
            <subfield code="5">372612102:134683056</subfield>
            <subfield code="a">S/S 12648</subfield>
          </datafield>
          <datafield tag="917" ind1=" " ind2=" ">
            <subfield code="5">372612102:134683056</subfield>
            <subfield code="a">aaxx</subfield>
          </datafield>
          <datafield tag="930" ind1=" " ind2=" ">
            <subfield code="5">372612102:134683056</subfield>
            <subfield code="b">372612102</subfield>
            <subfield code="e">SRTL</subfield>
            <subfield code="j">u</subfield>
          </datafield>
          <datafield tag="999" ind1=" " ind2=" ">
            <subfield code="5">372612102:134683056</subfield>
            <subfield code="z">S/S 12648</subfield>
          </datafield>
          <datafield tag="915" ind1=" " ind2=" ">
            <subfield code="5">751052102:113831188</subfield>
            <subfield code="a">751052102a/c.166315up</subfield>
          </datafield>
          <datafield tag="917" ind1=" " ind2=" ">
            <subfield code="5">751052102:113831188</subfield>
            <subfield code="a">aaxx</subfield>
          </datafield>
          <datafield tag="930" ind1=" " ind2=" ">
            <subfield code="5">751052102:113831188</subfield>
            <subfield code="b">751052102</subfield>
            <subfield code="d">sa</subfield>
            <subfield code="a">158.1 LAP</subfield>
            <subfield code="j">u</subfield>
            <subfield code="2">CDU</subfield>
          </datafield>
          <datafield tag="992" ind1=" " ind2=" ">
            <subfield code="5">751052102:113831188</subfield>
            <subfield code="a">upcpsy</subfield>
          </datafield>
          <datafield tag="999" ind1=" " ind2=" ">
            <subfield code="5">751052102:113831188</subfield>
            <subfield code="a">S 7878</subfield>
            <subfield code="b">751052102sa</subfield>
            <subfield code="d">1</subfield>
            <subfield code="e">1</subfield>
            <subfield code="1">cdu-pc</subfield>
            <subfield code="c">158.1 LAP</subfield>
            <subfield code="x">751052102a/c.166315up</subfield>
            <subfield code="u">pcpsy</subfield>
            <subfield code="5">20.07.2000/752102/fmo</subfield>
          </datafield>
          <datafield tag="917" ind1=" " ind2=" ">
            <subfield code="5">920125201:129336742</subfield>
            <subfield code="a">abxx</subfield>
          </datafield>
          <datafield tag="930" ind1=" " ind2=" ">
            <subfield code="5">920125201:129336742</subfield>
            <subfield code="b">920125201</subfield>
            <subfield code="e">FDZP</subfield>
            <subfield code="j">i</subfield>
          </datafield>
          <datafield tag="915" ind1=" " ind2=" ">
            <subfield code="5">930662101:113831196</subfield>
            <subfield code="a">930662101a/</subfield>
            <subfield code="b">025310742</subfield>
          </datafield>
          <datafield tag="917" ind1=" " ind2=" ">
            <subfield code="5">930662101:113831196</subfield>
            <subfield code="a">abxx</subfield>
          </datafield>
          <datafield tag="930" ind1=" " ind2=" ">
            <subfield code="5">930662101:113831196</subfield>
            <subfield code="b">930662101</subfield>
            <subfield code="d">sa</subfield>
            <subfield code="a">159.964.27 LAP</subfield>
            <subfield code="j">i</subfield>
            <subfield code="2">CDU</subfield>
          </datafield>
          <datafield tag="999" ind1=" " ind2=" ">
            <subfield code="5">930662101:113831196</subfield>
            <subfield code="a">C-LIP</subfield>
            <subfield code="b">930662101sa</subfield>
            <subfield code="d">1</subfield>
            <subfield code="e">1</subfield>
            <subfield code="1">cdu-pd</subfield>
            <subfield code="c">159.964.27 LAP</subfield>
            <subfield code="x">930662101a</subfield>
            <subfield code="y">025310742</subfield>
            <subfield code="5">26.04.2000/932101/lea</subfield>
          </datafield>
          <datafield tag="915" ind1=" " ind2=" ">
            <subfield code="5">930662101:11383120X</subfield>
            <subfield code="a">930662101a/</subfield>
          </datafield>
          <datafield tag="917" ind1=" " ind2=" ">
            <subfield code="5">930662101:11383120X</subfield>
            <subfield code="a">abxx</subfield>
          </datafield>
          <datafield tag="930" ind1=" " ind2=" ">
            <subfield code="5">930662101:11383120X</subfield>
            <subfield code="b">930662101</subfield>
            <subfield code="d">sa</subfield>
            <subfield code="a">159.964.27 LAP</subfield>
            <subfield code="j">i</subfield>
            <subfield code="2">CDU</subfield>
          </datafield>
          <datafield tag="999" ind1=" " ind2=" ">
            <subfield code="5">930662101:11383120X</subfield>
            <subfield code="a">C-LEX</subfield>
            <subfield code="b">930662101sa</subfield>
            <subfield code="d">1</subfield>
            <subfield code="e">1</subfield>
            <subfield code="1">cdu-pd</subfield>
            <subfield code="c">159.964.27 LAP</subfield>
            <subfield code="x">930662101a</subfield>
            <subfield code="5">26.04.2000/932101/lea</subfield>
          </datafield>
          <datafield tag="915" ind1=" " ind2=" ">
            <subfield code="5">920502102:141198060</subfield>
            <subfield code="a">920502102a/</subfield>
          </datafield>
          <datafield tag="917" ind1=" " ind2=" ">
            <subfield code="5">920502102:141198060</subfield>
            <subfield code="a">aaxx</subfield>
          </datafield>
          <datafield tag="930" ind1=" " ind2=" ">
            <subfield code="5">920502102:141198060</subfield>
            <subfield code="b">920502102</subfield>
            <subfield code="d">c</subfield>
            <subfield code="a">159.964 LAP</subfield>
            <subfield code="j">u</subfield>
            <subfield code="2">CDU</subfield>
          </datafield>
          <datafield tag="999" ind1=" " ind2=" ">
            <subfield code="5">920502102:141198060</subfield>
            <subfield code="a">SB 911</subfield>
            <subfield code="b">920502102c</subfield>
            <subfield code="d">4</subfield>
            <subfield code="e">1</subfield>
            <subfield code="1">cdu-pn</subfield>
            <subfield code="c">159.964 LAP</subfield>
            <subfield code="x">920502102a</subfield>
            <subfield code="5">21.06.2001/922102/mat</subfield>
          </datafield>
          <datafield tag="915" ind1=" " ind2=" ">
            <subfield code="5">930792101:113831218</subfield>
            <subfield code="a">930792101a</subfield>
          </datafield>
          <datafield tag="917" ind1=" " ind2=" ">
            <subfield code="5">930792101:113831218</subfield>
            <subfield code="a">aaxx</subfield>
          </datafield>
          <datafield tag="930" ind1=" " ind2=" ">
            <subfield code="5">930792101:113831218</subfield>
            <subfield code="b">930792101</subfield>
            <subfield code="d">bd</subfield>
            <subfield code="a">159.964 LAP</subfield>
            <subfield code="j">u</subfield>
            <subfield code="2">CDU</subfield>
          </datafield>
          <datafield tag="992" ind1=" " ind2=" ">
            <subfield code="5">930792101:113831218</subfield>
            <subfield code="a">upvpsy</subfield>
          </datafield>
          <datafield tag="999" ind1=" " ind2=" ">
            <subfield code="5">930792101:113831218</subfield>
            <subfield code="a">D 207294-295 P</subfield>
            <subfield code="b">930792101bd</subfield>
            <subfield code="d">2</subfield>
            <subfield code="e">1</subfield>
            <subfield code="1">cdu-pv</subfield>
            <subfield code="c">159.964 LAP</subfield>
            <subfield code="x">930792101a</subfield>
            <subfield code="u">pvpsy</subfield>
            <subfield code="p">LAPCDCD99</subfield>
            <subfield code="5">23.05.2000/932199/nch</subfield>
          </datafield>
          <datafield tag="915" ind1=" " ind2=" ">
            <subfield code="5">751052116:133634531</subfield>
            <subfield code="a">B10711792</subfield>
            <subfield code="b">9106080594</subfield>
          </datafield>
          <datafield tag="917" ind1=" " ind2=" ">
            <subfield code="5">751052116:133634531</subfield>
            <subfield code="a">aaxx</subfield>
          </datafield>
          <datafield tag="930" ind1=" " ind2=" ">
            <subfield code="5">751052116:133634531</subfield>
            <subfield code="b">751052116</subfield>
            <subfield code="a">8 R SUP 44597</subfield>
            <subfield code="j">u</subfield>
          </datafield>
          <datafield tag="999" ind1=" " ind2=" ">
            <subfield code="5">751052116:133634531</subfield>
            <subfield code="c">BU</subfield>
            <subfield code="d">BSG</subfield>
            <subfield code="a">8 R SUP 44597</subfield>
            <subfield code="v">9106080594</subfield>
            <subfield code="A">B10711792</subfield>
          </datafield>
          <datafield tag="915" ind1=" " ind2=" ">
            <subfield code="5">751052144:202044092</subfield>
            <subfield code="b">3350241052</subfield>
          </datafield>
          <datafield tag="930" ind1=" " ind2=" ">
            <subfield code="5">751052144:202044092</subfield>
            <subfield code="b">751052144</subfield>
            <subfield code="a">159 LAP</subfield>
            <subfield code="j">i</subfield>
          </datafield>
          <datafield tag="999" ind1=" " ind2=" ">
            <subfield code="5">751052144:202044092</subfield>
            <subfield code="a">EM</subfield>
            <subfield code="b">PSY3A</subfield>
          </datafield>
        </record>
      </recordData>
      <recordPosition>78</recordPosition>
    </record>