
    <record>
      <recordSchema>dc</recordSchema>
      <recordPacking>xml</recordPacking>
      <recordData>
        <record xsi:schemaLocation="http://www.loc.gov/MARC21/slim http://www.loc.gov/standards/marcxml/schema/MARC21slim.xsd" xmlns="http://www.loc.gov/MARC21/slim" xmlns:xsi="http://www.w3.org/2001/XMLSchema-instance">
          <leader>04341cam0 2200985   4500</leader>
          <controlfield tag="001">050077953</controlfield>
          <controlfield tag="005">20051024121119.000</controlfield>
          <datafield tag="010" ind1=" " ind2=" ">
            <subfield code="a">2-251-00308-8</subfield>
            <subfield code="b">1999</subfield>
          </datafield>
          <datafield tag="020" ind1=" " ind2=" ">
            <subfield code="a">FR</subfield>
            <subfield code="b">00042596</subfield>
          </datafield>
          <datafield tag="021" ind1=" " ind2=" ">
            <subfield code="a">FR</subfield>
            <subfield code="b">DL 00-06203 (D4)</subfield>
          </datafield>
          <datafield tag="035" ind1=" " ind2=" ">
            <subfield code="a">054184118</subfield>
          </datafield>
          <datafield tag="035" ind1=" " ind2=" ">
            <subfield code="a">frBN02526955X</subfield>
          </datafield>
          <datafield tag="035" ind1=" " ind2=" ">
            <subfield code="a">sib1684457</subfield>
          </datafield>
          <datafield tag="100" ind1=" " ind2=" ">
            <subfield code="a">20000405d1999    k  y0frey0103    ba</subfield>
          </datafield>
          <datafield tag="101" ind1="1" ind2=" ">
            <subfield code="a">fre</subfield>
            <subfield code="a">grc</subfield>
            <subfield code="c">grc</subfield>
          </datafield>
          <datafield tag="102" ind1=" " ind2=" ">
            <subfield code="a">FR</subfield>
          </datafield>
          <datafield tag="105" ind1=" " ind2=" ">
            <subfield code="a">y   zz  000by</subfield>
          </datafield>
          <datafield tag="106" ind1=" " ind2=" ">
            <subfield code="a">r</subfield>
          </datafield>
          <datafield tag="200" ind1="1" ind2=" ">
            <subfield code="a">Philoctète</subfield>
            <subfield code="b">Texte imprimé</subfield>
            <subfield code="a">Oedipe à Colone</subfield>
            <subfield code="f">Sophocle</subfield>
            <subfield code="g">texte établi par Alphonse Dain,...</subfield>
            <subfield code="g">et trad. par Paul Mazon,...</subfield>
          </datafield>
          <datafield tag="205" ind1=" " ind2=" ">
            <subfield code="a">5e tirage</subfield>
            <subfield code="f">rev. et corr. par Jean Irigoin,...</subfield>
          </datafield>
          <datafield tag="210" ind1=" " ind2=" ">
            <subfield code="a">Paris</subfield>
            <subfield code="c">les Belles lettres</subfield>
            <subfield code="d">1999</subfield>
            <subfield code="e">80-Abbeville</subfield>
            <subfield code="g">Impr. F. Paillart</subfield>
          </datafield>
          <datafield tag="215" ind1=" " ind2=" ">
            <subfield code="a">VIII-152 p., avec pagination double pour les p. 10 à 152</subfield>
            <subfield code="d">20 cm</subfield>
          </datafield>
          <datafield tag="225" ind1="2" ind2=" ">
            <subfield code="a">Collection des universités de France</subfield>
            <subfield code="x">0184-7155</subfield>
          </datafield>
          <datafield tag="300" ind1=" " ind2=" ">
            <subfield code="a">Texte grec et trad. française en regard</subfield>
          </datafield>
          <datafield tag="305" ind1=" " ind2=" ">
            <subfield code="a">Autre tirage : 2002</subfield>
          </datafield>
          <datafield tag="345" ind1=" " ind2=" ">
            <subfield code="b">9782251003085</subfield>
          </datafield>
          <datafield tag="410" ind1=" " ind2=" ">
            <subfield code="0">001015141</subfield>
            <subfield code="t">Collection des universités de France</subfield>
            <subfield code="x">0184-7155</subfield>
          </datafield>
          <datafield tag="423" ind1=" " ind2=" ">
            <subfield code="t">OEdipe à Colone</subfield>
          </datafield>
          <datafield tag="461" ind1=" " ind2=" ">
            <subfield code="t">Sophocle.</subfield>
            <subfield code="v">3</subfield>
          </datafield>
          <datafield tag="500" ind1=" " ind2=" ">
            <subfield code="3">030549558</subfield>
            <subfield code="a">Philoctète</subfield>
            <subfield code="m">grec ancien-français</subfield>
            <subfield code="k">1999</subfield>
          </datafield>
          <datafield tag="500" ind1=" " ind2=" ">
            <subfield code="3">030549566</subfield>
            <subfield code="a">Oedipe à Colone</subfield>
            <subfield code="m">grec ancien-français</subfield>
            <subfield code="k">1999</subfield>
          </datafield>
          <datafield tag="517" ind1=" " ind2=" ">
            <subfield code="a">Sophocle.</subfield>
            <subfield code="j">3</subfield>
          </datafield>
          <datafield tag="675" ind1=" " ind2=" ">
            <subfield code="a">822</subfield>
            <subfield code="v">Éd. 1967</subfield>
          </datafield>
          <datafield tag="676" ind1=" " ind2=" ">
            <subfield code="a">882.01</subfield>
          </datafield>
          <datafield tag="700" ind1=" " ind2="1">
            <subfield code="3">027143619</subfield>
            <subfield code="a">Sophocle</subfield>
            <subfield code="f">0496?-0406 av. J.-C.</subfield>
            <subfield code="4">070</subfield>
          </datafield>
          <datafield tag="702" ind1=" " ind2="1">
            <subfield code="3">026809346</subfield>
            <subfield code="a">Dain</subfield>
            <subfield code="b">Alphonse</subfield>
            <subfield code="f">1896-1964</subfield>
            <subfield code="4">340</subfield>
          </datafield>
          <datafield tag="702" ind1=" " ind2="1">
            <subfield code="3">027020789</subfield>
            <subfield code="a">Mazon</subfield>
            <subfield code="b">Paul</subfield>
            <subfield code="f">1874-1955</subfield>
            <subfield code="4">730</subfield>
          </datafield>
          <datafield tag="702" ind1=" " ind2="1">
            <subfield code="3">026931168</subfield>
            <subfield code="a">Irigoin</subfield>
            <subfield code="b">Jean</subfield>
            <subfield code="f">1920-2006</subfield>
            <subfield code="4">340</subfield>
          </datafield>
          <datafield tag="801" ind1=" " ind2="3">
            <subfield code="a">FR</subfield>
            <subfield code="b">Abes</subfield>
            <subfield code="c">20051024</subfield>
            <subfield code="g">AFNOR</subfield>
          </datafield>
          <datafield tag="801" ind1=" " ind2="3">
            <subfield code="a">FR</subfield>
            <subfield code="b">BN</subfield>
            <subfield code="c">20051024</subfield>
            <subfield code="g">AFNOR</subfield>
          </datafield>
          <datafield tag="801" ind1=" " ind2="3">
            <subfield code="a">FR</subfield>
            <subfield code="b">SF</subfield>
            <subfield code="c">20051024</subfield>
            <subfield code="g">AFNOR</subfield>
          </datafield>
          <datafield tag="930" ind1=" " ind2=" ">
            <subfield code="5">335222110:186764138</subfield>
            <subfield code="b">335222110</subfield>
            <subfield code="a">BL 880 SOP </subfield>
            <subfield code="j">g</subfield>
          </datafield>
          <datafield tag="915" ind1=" " ind2=" ">
            <subfield code="5">141182202:231114605</subfield>
            <subfield code="a">L.A.O5/65</subfield>
            <subfield code="b">6010440042</subfield>
          </datafield>
          <datafield tag="917" ind1=" " ind2=" ">
            <subfield code="5">141182202:231114605</subfield>
            <subfield code="a">abau</subfield>
          </datafield>
          <datafield tag="930" ind1=" " ind2=" ">
            <subfield code="5">141182202:231114605</subfield>
            <subfield code="b">141182202</subfield>
            <subfield code="c">BUSH</subfield>
            <subfield code="d">BUSH</subfield>
            <subfield code="l">GR</subfield>
            <subfield code="a">S309 SOPH TT TR/3</subfield>
            <subfield code="j">g</subfield>
          </datafield>
          <datafield tag="990" ind1=" " ind2=" ">
            <subfield code="5">141182202:231114605</subfield>
            <subfield code="0">L.A.05/65</subfield>
          </datafield>
          <datafield tag="917" ind1=" " ind2=" ">
            <subfield code="5">212312101:12693553X</subfield>
            <subfield code="a">aaxx</subfield>
          </datafield>
          <datafield tag="930" ind1=" " ind2=" ">
            <subfield code="5">212312101:12693553X</subfield>
            <subfield code="b">212312101</subfield>
            <subfield code="a">882/1026/3*BU/DL</subfield>
            <subfield code="j">u</subfield>
          </datafield>
          <datafield tag="999" ind1=" " ind2=" ">
            <subfield code="5">212312101:12693553X</subfield>
            <subfield code="c">BU</subfield>
            <subfield code="d">DIJO01</subfield>
            <subfield code="a">882/1026/3*BU/DL</subfield>
          </datafield>
          <datafield tag="930" ind1=" " ind2=" ">
            <subfield code="5">690292101:152137556</subfield>
            <subfield code="b">690292101</subfield>
            <subfield code="j">u</subfield>
          </datafield>
          <datafield tag="917" ind1=" " ind2=" ">
            <subfield code="5">693872102:139755381</subfield>
            <subfield code="a">aaxx</subfield>
          </datafield>
          <datafield tag="930" ind1=" " ind2=" ">
            <subfield code="5">693872102:139755381</subfield>
            <subfield code="b">693872102</subfield>
            <subfield code="j">u</subfield>
          </datafield>
          <datafield tag="999" ind1=" " ind2=" ">
            <subfield code="5">693872102:139755381</subfield>
            <subfield code="c">BU</subfield>
            <subfield code="d">LY0302</subfield>
            <subfield code="a">
            </subfield>
          </datafield>
          <datafield tag="915" ind1=" " ind2=" ">
            <subfield code="5">693872101:145990842</subfield>
            <subfield code="b">20039589</subfield>
          </datafield>
          <datafield tag="930" ind1=" " ind2=" ">
            <subfield code="5">693872101:145990842</subfield>
            <subfield code="b">693872101</subfield>
            <subfield code="a">880.900 1 SOP</subfield>
            <subfield code="j">s</subfield>
          </datafield>
          <datafield tag="915" ind1=" " ind2=" ">
            <subfield code="5">693872305:196669707</subfield>
            <subfield code="b">130656</subfield>
          </datafield>
          <datafield tag="930" ind1=" " ind2=" ">
            <subfield code="5">693872305:196669707</subfield>
            <subfield code="b">693872305</subfield>
            <subfield code="a">88/1 SOP t (3)</subfield>
            <subfield code="j">s</subfield>
          </datafield>
          <datafield tag="915" ind1=" " ind2=" ">
            <subfield code="5">352382238:221875646</subfield>
            <subfield code="b">0285042951</subfield>
          </datafield>
          <datafield tag="917" ind1=" " ind2=" ">
            <subfield code="5">352382238:221875646</subfield>
            <subfield code="a">aaaa</subfield>
          </datafield>
          <datafield tag="930" ind1=" " ind2=" ">
            <subfield code="5">352382238:221875646</subfield>
            <subfield code="b">352382238</subfield>
            <subfield code="a">880 SOP</subfield>
            <subfield code="j">u</subfield>
            <subfield code="g">BALN</subfield>
          </datafield>
          <datafield tag="930" ind1=" " ind2=" ">
            <subfield code="5">751132102:245970290</subfield>
            <subfield code="b">751132102</subfield>
            <subfield code="j">u</subfield>
          </datafield>
          <datafield tag="915" ind1=" " ind2=" ">
            <subfield code="5">920502102:140305009</subfield>
            <subfield code="a">920502102a/</subfield>
          </datafield>
          <datafield tag="917" ind1=" " ind2=" ">
            <subfield code="5">920502102:140305009</subfield>
            <subfield code="a">aaxx</subfield>
          </datafield>
          <datafield tag="930" ind1=" " ind2=" ">
            <subfield code="5">920502102:140305009</subfield>
            <subfield code="b">920502102</subfield>
            <subfield code="d">al</subfield>
            <subfield code="a">875 SOP1 =75=40</subfield>
            <subfield code="j">u</subfield>
            <subfield code="2">CDU</subfield>
          </datafield>
          <datafield tag="999" ind1=" " ind2=" ">
            <subfield code="5">920502102:140305009</subfield>
            <subfield code="a">XF 9575(3)</subfield>
            <subfield code="b">920502102al</subfield>
            <subfield code="d">1</subfield>
            <subfield code="e">1</subfield>
            <subfield code="1">cdu-pn</subfield>
            <subfield code="c">875 SOP1 =75=40</subfield>
            <subfield code="i">[T3]</subfield>
            <subfield code="x">920502102a</subfield>
            <subfield code="5">16.05.2001/922102/oll</subfield>
          </datafield>
          <datafield tag="915" ind1=" " ind2=" ">
            <subfield code="5">920502102:140305017</subfield>
            <subfield code="a">920502102a/</subfield>
          </datafield>
          <datafield tag="917" ind1=" " ind2=" ">
            <subfield code="5">920502102:140305017</subfield>
            <subfield code="a">aaxx</subfield>
          </datafield>
          <datafield tag="930" ind1=" " ind2=" ">
            <subfield code="5">920502102:140305017</subfield>
            <subfield code="b">920502102</subfield>
            <subfield code="d">c</subfield>
            <subfield code="a">875 SOP1 =75=40</subfield>
            <subfield code="j">u</subfield>
            <subfield code="2">CDU</subfield>
          </datafield>
          <datafield tag="999" ind1=" " ind2=" ">
            <subfield code="5">920502102:140305017</subfield>
            <subfield code="a">XF 9575(3)</subfield>
            <subfield code="b">920502102c</subfield>
            <subfield code="d">1</subfield>
            <subfield code="e">1</subfield>
            <subfield code="1">cdu-pn</subfield>
            <subfield code="c">875 SOP1 =75=40</subfield>
            <subfield code="i">[T3]</subfield>
            <subfield code="x">920502102a</subfield>
            <subfield code="5">16.05.2001/922102/oll</subfield>
          </datafield>
          <datafield tag="915" ind1=" " ind2=" ">
            <subfield code="5">930792101:170626571</subfield>
            <subfield code="b">0152011226</subfield>
          </datafield>
          <datafield tag="930" ind1=" " ind2=" ">
            <subfield code="5">930792101:170626571</subfield>
            <subfield code="b">930792101</subfield>
            <subfield code="a">875 SOP 1</subfield>
            <subfield code="j">u</subfield>
          </datafield>
          <datafield tag="915" ind1=" " ind2=" ">
            <subfield code="5">930792101:135592348</subfield>
            <subfield code="a">930792101a</subfield>
          </datafield>
          <datafield tag="917" ind1=" " ind2=" ">
            <subfield code="5">930792101:135592348</subfield>
            <subfield code="a">aaxx</subfield>
          </datafield>
          <datafield tag="930" ind1=" " ind2=" ">
            <subfield code="5">930792101:135592348</subfield>
            <subfield code="b">930792101</subfield>
            <subfield code="d">cb</subfield>
            <subfield code="a">875 SOP 1</subfield>
            <subfield code="j">u</subfield>
            <subfield code="2">CDU</subfield>
          </datafield>
          <datafield tag="992" ind1=" " ind2=" ">
            <subfield code="5">930792101:135592348</subfield>
            <subfield code="a">upvlat</subfield>
          </datafield>
          <datafield tag="999" ind1=" " ind2=" ">
            <subfield code="5">930792101:135592348</subfield>
            <subfield code="a">M 211021 P</subfield>
            <subfield code="b">930792101cb</subfield>
            <subfield code="d">1</subfield>
            <subfield code="e">1</subfield>
            <subfield code="1">cdu-pv</subfield>
            <subfield code="c">875 SOP 1</subfield>
            <subfield code="x">930792101a</subfield>
            <subfield code="u">pvlat</subfield>
            <subfield code="p">SOPOALC99</subfield>
            <subfield code="5">15.01.2001/932199/gnz</subfield>
          </datafield>
          <datafield tag="915" ind1=" " ind2=" ">
            <subfield code="5">751052116:148503845</subfield>
            <subfield code="a">B10735734</subfield>
            <subfield code="b">9106409456</subfield>
          </datafield>
          <datafield tag="917" ind1=" " ind2=" ">
            <subfield code="5">751052116:148503845</subfield>
            <subfield code="a">abba</subfield>
          </datafield>
          <datafield tag="930" ind1=" " ind2=" ">
            <subfield code="5">751052116:148503845</subfield>
            <subfield code="b">751052116</subfield>
            <subfield code="a">USUEL 888 SOP</subfield>
            <subfield code="j">g</subfield>
          </datafield>
          <datafield tag="930" ind1=" " ind2=" ">
            <subfield code="5">751052144:183776550</subfield>
            <subfield code="b">751052144</subfield>
            <subfield code="a">88/1 SOP oe</subfield>
            <subfield code="j">i</subfield>
          </datafield>
          <datafield tag="915" ind1=" " ind2=" ">
            <subfield code="5">751052336:236786008</subfield>
            <subfield code="a">Inv 12609</subfield>
          </datafield>
          <datafield tag="930" ind1=" " ind2=" ">
            <subfield code="5">751052336:236786008</subfield>
            <subfield code="b">751052336</subfield>
            <subfield code="a">Sources A B.L. SOPH</subfield>
            <subfield code="j">g</subfield>
          </datafield>
          <datafield tag="991" ind1=" " ind2=" ">
            <subfield code="5">751052336:236786008</subfield>
            <subfield code="a">SAFIG-E</subfield>
            <subfield code="b">Sciences religieusesF15</subfield>
            <subfield code="c">PYB</subfield>
          </datafield>
          <datafield tag="992" ind1=" " ind2=" ">
            <subfield code="5">751052336:236786008</subfield>
            <subfield code="a">02</subfield>
            <subfield code="2">dombulac</subfield>
          </datafield>
          <datafield tag="999" ind1=" " ind2=" ">
            <subfield code="5">751052336:236786008</subfield>
            <subfield code="m">101</subfield>
            <subfield code="n">er000</subfield>
          </datafield>
        </record>
      </recordData>
      <recordPosition>81</recordPosition>
    </record>