
    <record>
      <recordSchema>dc</recordSchema>
      <recordPacking>xml</recordPacking>
      <recordData>
        <record xsi:schemaLocation="http://www.loc.gov/MARC21/slim http://www.loc.gov/standards/marcxml/schema/MARC21slim.xsd" xmlns="http://www.loc.gov/MARC21/slim" xmlns:xsi="http://www.w3.org/2001/XMLSchema-instance">
          <leader>10176cam0 2202065   4500</leader>
          <controlfield tag="001">049130862</controlfield>
          <controlfield tag="005">20060427114043.000</controlfield>
          <datafield tag="010" ind1=" " ind2=" ">
            <subfield code="a">2-253-13246-2</subfield>
            <subfield code="b">br</subfield>
            <subfield code="d">145 F</subfield>
          </datafield>
          <datafield tag="020" ind1=" " ind2=" ">
            <subfield code="a">FR</subfield>
            <subfield code="b">00035412</subfield>
          </datafield>
          <datafield tag="021" ind1=" " ind2=" ">
            <subfield code="a">FR</subfield>
            <subfield code="b">DL 99-48853 (D4)</subfield>
          </datafield>
          <datafield tag="021" ind1=" " ind2=" ">
            <subfield code="a">FR</subfield>
            <subfield code="b">D.L. 1999 (ASP)</subfield>
          </datafield>
          <datafield tag="035" ind1=" " ind2=" ">
            <subfield code="a">048967149</subfield>
          </datafield>
          <datafield tag="035" ind1=" " ind2=" ">
            <subfield code="a">047987154</subfield>
          </datafield>
          <datafield tag="035" ind1=" " ind2=" ">
            <subfield code="a">061300381</subfield>
          </datafield>
          <datafield tag="035" ind1=" " ind2=" ">
            <subfield code="a">DYNIX-BUPF-29186</subfield>
          </datafield>
          <datafield tag="035" ind1=" " ind2=" ">
            <subfield code="a">ubs49500</subfield>
          </datafield>
          <datafield tag="035" ind1=" " ind2=" ">
            <subfield code="a">sib1478490</subfield>
          </datafield>
          <datafield tag="035" ind1=" " ind2=" ">
            <subfield code="a">DYNIX-BUNAN-392424</subfield>
          </datafield>
          <datafield tag="035" ind1=" " ind2=" ">
            <subfield code="a">ocm43228877</subfield>
          </datafield>
          <datafield tag="035" ind1=" " ind2=" ">
            <subfield code="a">frBN024983274</subfield>
          </datafield>
          <datafield tag="035" ind1=" " ind2=" ">
            <subfield code="5">130012101</subfield>
            <subfield code="a">BUFRL3BSA92316</subfield>
          </datafield>
          <datafield tag="100" ind1=" " ind2=" ">
            <subfield code="a">20000110d1999    k  y0frey0103    ba</subfield>
          </datafield>
          <datafield tag="101" ind1="1" ind2=" ">
            <subfield code="a">fre</subfield>
            <subfield code="c">grc</subfield>
          </datafield>
          <datafield tag="102" ind1=" " ind2=" ">
            <subfield code="a">FR</subfield>
          </datafield>
          <datafield tag="105" ind1=" " ind2=" ">
            <subfield code="a">y   z   001by</subfield>
          </datafield>
          <datafield tag="106" ind1=" " ind2=" ">
            <subfield code="a">r</subfield>
          </datafield>
          <datafield tag="200" ind1="0" ind2=" ">
            <subfield code="a">&lt;?char 136 ?&gt;Les &lt;?char 137 ?&gt;Tragiques grecs</subfield>
            <subfield code="b">Texte imprimé</subfield>
            <subfield code="e">Eschyle, Sophocle, Euripide</subfield>
            <subfield code="e">théâtre complet</subfield>
            <subfield code="e">avec un choix de fragments</subfield>
            <subfield code="f">traduction nouvelle, notices et notes de Victor-Henri Debidour</subfield>
            <subfield code="g">éditée avec une introduction générale et un dosssier sur la tragédie par Paul Demont et Anne Lebeau</subfield>
          </datafield>
          <datafield tag="210" ind1=" " ind2=" ">
            <subfield code="a">[Paris]</subfield>
            <subfield code="c">le Livre de poche</subfield>
            <subfield code="d">c1999</subfield>
            <subfield code="e">Italie</subfield>
            <subfield code="g">La Tipografica varese</subfield>
          </datafield>
          <datafield tag="215" ind1=" " ind2=" ">
            <subfield code="a">1998 p.</subfield>
            <subfield code="c">couv. ill. en coul.</subfield>
            <subfield code="d">18 cm</subfield>
          </datafield>
          <datafield tag="225" ind1="2" ind2=" ">
            <subfield code="a">&lt;?char 136 ?&gt;La &lt;?char 137 ?&gt;Pochothèque</subfield>
            <subfield code="i">Classiques modernes</subfield>
            <subfield code="x">1158-4378</subfield>
          </datafield>
          <datafield tag="305" ind1=" " ind2=" ">
            <subfield code="a">Autre tirage : 2003</subfield>
          </datafield>
          <datafield tag="308" ind1=" " ind2=" ">
            <subfield code="a">Coll. principale : Le |livre de poche</subfield>
          </datafield>
          <datafield tag="320" ind1=" " ind2=" ">
            <subfield code="a">Notes bibliogr. Index.</subfield>
          </datafield>
          <datafield tag="327" ind1="1" ind2=" ">
            <subfield code="a">Les Perses</subfield>
            <subfield code="a">Les sept contre Thèbes</subfield>
            <subfield code="a">Les suppliantes</subfield>
            <subfield code="a">L'Orestie : Agamemnon</subfield>
            <subfield code="a">L'Orestie : les Choéphores</subfield>
            <subfield code="a">L'Orestie : les Euménides</subfield>
            <subfield code="a">Prométhée enchaîné / Eschyle. Ajax</subfield>
            <subfield code="a">Antigone</subfield>
            <subfield code="a">Les Trachiniennes</subfield>
            <subfield code="a">Oedipe-roi</subfield>
            <subfield code="a">Electre</subfield>
            <subfield code="a">Philoctète</subfield>
            <subfield code="a">Oedipe à Colone</subfield>
            <subfield code="a">Les limiers (fragments) / Sophocle. Alceste</subfield>
            <subfield code="a">Médée</subfield>
            <subfield code="a">Les enfants d'Héraclès</subfield>
            <subfield code="a">Hippolyte</subfield>
            <subfield code="a">Andromaque</subfield>
            <subfield code="a">Hécube</subfield>
            <subfield code="a">Les suppliantes</subfield>
            <subfield code="a">Electre</subfield>
            <subfield code="a">Les Troyennes</subfield>
            <subfield code="a">La folie d'Héraclès</subfield>
            <subfield code="a">Iphigénie en Tauride</subfield>
            <subfield code="a">Ion</subfield>
            <subfield code="a">Hélène</subfield>
            <subfield code="a">Les Phéniciennes</subfield>
            <subfield code="a">Oreste</subfield>
            <subfield code="a">Les Bacchantes</subfield>
            <subfield code="a">Iphigénie à Aulis</subfield>
            <subfield code="a">Rhésos</subfield>
            <subfield code="a">Le Cyclope</subfield>
            <subfield code="a">Hypsipyle (fragments)</subfield>
            <subfield code="a">Phaéton (fragments) / Euripide</subfield>
          </datafield>
          <datafield tag="345" ind1=" " ind2=" ">
            <subfield code="b">9782253132462</subfield>
          </datafield>
          <datafield tag="410" ind1=" " ind2=" ">
            <subfield code="0">013625055</subfield>
            <subfield code="t">&lt;?char 136 ?&gt;La &lt;?char 137 ?&gt;Pochothèque. Classiques modernes</subfield>
            <subfield code="x">1158-4378</subfield>
          </datafield>
          <datafield tag="517" ind1=" " ind2=" ">
            <subfield code="a">Théâtre complet</subfield>
          </datafield>
          <datafield tag="606" ind1="1" ind2=" ">
            <subfield code="3">027796019</subfield>
            <subfield code="a">Tragédie grecque</subfield>
            <subfield code="3">02779038X</subfield>
            <subfield code="x">Histoire et critique</subfield>
            <subfield code="2">rameau</subfield>
          </datafield>
          <datafield tag="675" ind1=" " ind2=" ">
            <subfield code="a">822</subfield>
            <subfield code="v">Éd. 1967</subfield>
          </datafield>
          <datafield tag="676" ind1=" " ind2=" ">
            <subfield code="a">882</subfield>
          </datafield>
          <datafield tag="676" ind1=" " ind2=" ">
            <subfield code="5">130012101</subfield>
            <subfield code="a">882</subfield>
            <subfield code="f">TRA</subfield>
          </datafield>
          <datafield tag="680" ind1=" " ind2=" ">
            <subfield code="5">130012101</subfield>
            <subfield code="a">PA3828</subfield>
            <subfield code="f">ESC</subfield>
          </datafield>
          <datafield tag="700" ind1=" " ind2="0">
            <subfield code="3">086453033</subfield>
            <subfield code="a">Eschyle</subfield>
            <subfield code="f">0525?-0456 av. J.-C.</subfield>
            <subfield code="4">070</subfield>
          </datafield>
          <datafield tag="701" ind1=" " ind2="0">
            <subfield code="3">027143619</subfield>
            <subfield code="a">Sophocle</subfield>
            <subfield code="f">0496?-0406 av. J.-C.</subfield>
            <subfield code="4">070</subfield>
          </datafield>
          <datafield tag="701" ind1=" " ind2="0">
            <subfield code="3">026854775</subfield>
            <subfield code="a">Euripide</subfield>
            <subfield code="f">0480-0406 av. J.-C.</subfield>
            <subfield code="4">070</subfield>
          </datafield>
          <datafield tag="702" ind1=" " ind2="1">
            <subfield code="3">026815575</subfield>
            <subfield code="a">Debidour</subfield>
            <subfield code="b">Victor-Henry</subfield>
            <subfield code="f">1911-1988</subfield>
            <subfield code="4">730</subfield>
          </datafield>
          <datafield tag="702" ind1=" " ind2="1">
            <subfield code="3">026823519</subfield>
            <subfield code="a">Demont</subfield>
            <subfield code="b">Paul</subfield>
            <subfield code="f">1949-....</subfield>
            <subfield code="4">340</subfield>
          </datafield>
          <datafield tag="702" ind1=" " ind2="1">
            <subfield code="3">026975521</subfield>
            <subfield code="a">Lebeau</subfield>
            <subfield code="b">Anne</subfield>
            <subfield code="4">340</subfield>
          </datafield>
          <datafield tag="801" ind1=" " ind2="3">
            <subfield code="a">FR</subfield>
            <subfield code="b">Abes</subfield>
            <subfield code="c">20060427</subfield>
            <subfield code="g">AFNOR</subfield>
          </datafield>
          <datafield tag="801" ind1=" " ind2="3">
            <subfield code="a">FR</subfield>
            <subfield code="b">SF</subfield>
            <subfield code="c">20060427</subfield>
            <subfield code="g">AFNOR</subfield>
          </datafield>
          <datafield tag="801" ind1=" " ind2="1">
            <subfield code="a">US</subfield>
            <subfield code="b">OCLC</subfield>
            <subfield code="c">20060427</subfield>
            <subfield code="g">AACR2</subfield>
          </datafield>
          <datafield tag="801" ind1=" " ind2="2">
            <subfield code="a">FR</subfield>
            <subfield code="b">AUROC</subfield>
            <subfield code="c">20060427</subfield>
            <subfield code="g">AFNOR</subfield>
          </datafield>
          <datafield tag="801" ind1=" " ind2="3">
            <subfield code="a">FR</subfield>
            <subfield code="b">BN</subfield>
            <subfield code="c">20060427</subfield>
            <subfield code="g">AFNOR</subfield>
          </datafield>
          <datafield tag="801" ind1=" " ind2="1">
            <subfield code="a">FR</subfield>
            <subfield code="b">UBS</subfield>
            <subfield code="c">20011015</subfield>
            <subfield code="g">AFNOR</subfield>
          </datafield>
          <datafield tag="930" ind1=" " ind2=" ">
            <subfield code="5">130012101:172749301</subfield>
            <subfield code="b">130012101</subfield>
            <subfield code="l">484955</subfield>
            <subfield code="a">882 ESC</subfield>
            <subfield code="j">u</subfield>
          </datafield>
          <datafield tag="915" ind1=" " ind2=" ">
            <subfield code="5">620412103:171521897</subfield>
            <subfield code="b">1555720510</subfield>
          </datafield>
          <datafield tag="930" ind1=" " ind2=" ">
            <subfield code="5">620412103:171521897</subfield>
            <subfield code="b">620412103</subfield>
            <subfield code="a">882 TRA</subfield>
            <subfield code="j">u</subfield>
          </datafield>
          <datafield tag="917" ind1=" " ind2=" ">
            <subfield code="5">840072101:112604323</subfield>
            <subfield code="a">abxx</subfield>
          </datafield>
          <datafield tag="930" ind1=" " ind2=" ">
            <subfield code="5">840072101:112604323</subfield>
            <subfield code="b">840072101</subfield>
            <subfield code="e">FAVL</subfield>
            <subfield code="j">i</subfield>
          </datafield>
          <datafield tag="915" ind1=" " ind2=" ">
            <subfield code="5">335222103:10912281X</subfield>
            <subfield code="a">335222103a/388668 / 335222103a/388788</subfield>
          </datafield>
          <datafield tag="917" ind1=" " ind2=" ">
            <subfield code="5">335222103:10912281X</subfield>
            <subfield code="a">aaxx</subfield>
          </datafield>
          <datafield tag="930" ind1=" " ind2=" ">
            <subfield code="5">335222103:10912281X</subfield>
            <subfield code="b">335222103</subfield>
            <subfield code="d">d</subfield>
            <subfield code="a">875-2 Tra g =XF</subfield>
            <subfield code="j">u</subfield>
            <subfield code="2">CDU</subfield>
          </datafield>
          <datafield tag="999" ind1=" " ind2=" ">
            <subfield code="5">335222103:10912281X</subfield>
            <subfield code="a">XF 6211</subfield>
            <subfield code="b">335222103d</subfield>
            <subfield code="d">2</subfield>
            <subfield code="e">1</subfield>
            <subfield code="1">cdu-bl</subfield>
            <subfield code="c">875-2 Tra g =XF</subfield>
            <subfield code="x">335222103a/388668</subfield>
            <subfield code="x">335222103a/388788</subfield>
            <subfield code="5">01.03.2000/332103/sf</subfield>
          </datafield>
          <datafield tag="915" ind1=" " ind2=" ">
            <subfield code="5">335222108:110033965</subfield>
            <subfield code="a">335222210a/34838</subfield>
          </datafield>
          <datafield tag="917" ind1=" " ind2=" ">
            <subfield code="5">335222108:110033965</subfield>
            <subfield code="a">aaxx</subfield>
          </datafield>
          <datafield tag="930" ind1=" " ind2=" ">
            <subfield code="5">335222108:110033965</subfield>
            <subfield code="b">335222108</subfield>
            <subfield code="d">l</subfield>
            <subfield code="a">875 (091) TRA</subfield>
            <subfield code="j">u</subfield>
            <subfield code="2">CDU</subfield>
          </datafield>
          <datafield tag="992" ind1=" " ind2=" ">
            <subfield code="5">335222108:110033965</subfield>
            <subfield code="a">ubflt</subfield>
          </datafield>
          <datafield tag="999" ind1=" " ind2=" ">
            <subfield code="5">335222108:110033965</subfield>
            <subfield code="a">-</subfield>
            <subfield code="b">335222210l</subfield>
            <subfield code="d">1</subfield>
            <subfield code="e">1</subfield>
            <subfield code="1">cdu-bf</subfield>
            <subfield code="c">875 (091) TRA</subfield>
            <subfield code="x">335222210a/34838</subfield>
            <subfield code="u">bflt</subfield>
            <subfield code="5">10.12.1999/332210/poa</subfield>
          </datafield>
          <datafield tag="915" ind1=" " ind2=" ">
            <subfield code="5">290192101:112604331</subfield>
            <subfield code="a">L/2249247</subfield>
          </datafield>
          <datafield tag="917" ind1=" " ind2=" ">
            <subfield code="5">290192101:112604331</subfield>
            <subfield code="a">aaxx</subfield>
          </datafield>
          <datafield tag="930" ind1=" " ind2=" ">
            <subfield code="5">290192101:112604331</subfield>
            <subfield code="b">290192101</subfield>
            <subfield code="e">BRUL</subfield>
            <subfield code="a">882 TRA</subfield>
            <subfield code="j">u</subfield>
          </datafield>
          <datafield tag="999" ind1=" " ind2=" ">
            <subfield code="5">290192101:112604331</subfield>
            <subfield code="z">L/2249247</subfield>
          </datafield>
          <datafield tag="915" ind1=" " ind2=" ">
            <subfield code="5">561212106:153504218</subfield>
            <subfield code="b">1290380546</subfield>
          </datafield>
          <datafield tag="930" ind1=" " ind2=" ">
            <subfield code="5">561212106:153504218</subfield>
            <subfield code="b">561212106</subfield>
            <subfield code="j">u</subfield>
          </datafield>
          <datafield tag="917" ind1=" " ind2=" ">
            <subfield code="5">212312101:126912890</subfield>
            <subfield code="a">aaxx</subfield>
          </datafield>
          <datafield tag="930" ind1=" " ind2=" ">
            <subfield code="5">212312101:126912890</subfield>
            <subfield code="b">212312101</subfield>
            <subfield code="a">882/1084*BU/DL</subfield>
            <subfield code="j">u</subfield>
          </datafield>
          <datafield tag="999" ind1=" " ind2=" ">
            <subfield code="5">212312101:126912890</subfield>
            <subfield code="c">BU</subfield>
            <subfield code="d">DIJO01</subfield>
            <subfield code="a">882/1084*BU/DL</subfield>
          </datafield>
          <datafield tag="915" ind1=" " ind2=" ">
            <subfield code="5">912282101:225105845</subfield>
            <subfield code="b">1271143355</subfield>
          </datafield>
          <datafield tag="930" ind1=" " ind2=" ">
            <subfield code="5">912282101:225105845</subfield>
            <subfield code="b">912282101</subfield>
            <subfield code="a">882 DEB tra</subfield>
            <subfield code="j">u</subfield>
          </datafield>
          <datafield tag="915" ind1=" " ind2=" ">
            <subfield code="5">384212101:109122828</subfield>
            <subfield code="a">384212101a/</subfield>
          </datafield>
          <datafield tag="917" ind1=" " ind2=" ">
            <subfield code="5">384212101:109122828</subfield>
            <subfield code="a">aaxx</subfield>
          </datafield>
          <datafield tag="930" ind1=" " ind2=" ">
            <subfield code="5">384212101:109122828</subfield>
            <subfield code="b">384212101</subfield>
            <subfield code="d">l1</subfield>
            <subfield code="a">XK 4676</subfield>
            <subfield code="j">u</subfield>
          </datafield>
          <datafield tag="999" ind1=" " ind2=" ">
            <subfield code="5">384212101:109122828</subfield>
            <subfield code="a">XK 4676</subfield>
            <subfield code="b">384212101l1</subfield>
            <subfield code="d">1</subfield>
            <subfield code="e">1</subfield>
            <subfield code="x">384212101a</subfield>
            <subfield code="p">395344</subfield>
            <subfield code="5">21.12.1999/382101/dga</subfield>
          </datafield>
          <datafield tag="915" ind1=" " ind2=" ">
            <subfield code="5">173002101:131350943</subfield>
            <subfield code="a">173002101a/lr 64418(2)</subfield>
          </datafield>
          <datafield tag="917" ind1=" " ind2=" ">
            <subfield code="5">173002101:131350943</subfield>
            <subfield code="a">aaxx</subfield>
          </datafield>
          <datafield tag="930" ind1=" " ind2=" ">
            <subfield code="5">173002101:131350943</subfield>
            <subfield code="b">173002101</subfield>
            <subfield code="d">b</subfield>
            <subfield code="a">830 HES</subfield>
            <subfield code="j">u</subfield>
            <subfield code="2">CDU</subfield>
          </datafield>
          <datafield tag="992" ind1=" " ind2=" ">
            <subfield code="5">173002101:131350943</subfield>
            <subfield code="a">ulrlec</subfield>
          </datafield>
          <datafield tag="999" ind1=" " ind2=" ">
            <subfield code="5">173002101:131350943</subfield>
            <subfield code="a">LR 64418</subfield>
            <subfield code="b">173002101b</subfield>
            <subfield code="d">1</subfield>
            <subfield code="e">1</subfield>
            <subfield code="1">cdu-lr</subfield>
            <subfield code="c">830 HES</subfield>
            <subfield code="u">lrlec</subfield>
            <subfield code="x">173002101a/lr 64418(2)</subfield>
            <subfield code="p">46359</subfield>
            <subfield code="5">28.09.2000/172101/mdi</subfield>
          </datafield>
          <datafield tag="915" ind1=" " ind2=" ">
            <subfield code="5">590092233:188612394</subfield>
            <subfield code="a">00309</subfield>
            <subfield code="b">60000010785</subfield>
          </datafield>
          <datafield tag="917" ind1=" " ind2=" ">
            <subfield code="5">590092233:188612394</subfield>
            <subfield code="a">abac</subfield>
          </datafield>
          <datafield tag="930" ind1=" " ind2=" ">
            <subfield code="5">590092233:188612394</subfield>
            <subfield code="b">590092233</subfield>
            <subfield code="a">20 F 18</subfield>
            <subfield code="j">g</subfield>
          </datafield>
          <datafield tag="999" ind1=" " ind2=" ">
            <subfield code="5">590092233:188612394</subfield>
            <subfield code="a">6MAG</subfield>
            <subfield code="b">6TXTLA</subfield>
          </datafield>
          <datafield tag="915" ind1=" " ind2=" ">
            <subfield code="5">870852107:110033973</subfield>
            <subfield code="a">870852107a/</subfield>
          </datafield>
          <datafield tag="917" ind1=" " ind2=" ">
            <subfield code="5">870852107:110033973</subfield>
            <subfield code="a">aaxx</subfield>
          </datafield>
          <datafield tag="930" ind1=" " ind2=" ">
            <subfield code="5">870852107:110033973</subfield>
            <subfield code="b">870852107</subfield>
            <subfield code="d">ll</subfield>
            <subfield code="a">875(082) Tra</subfield>
            <subfield code="j">u</subfield>
            <subfield code="2">CDU</subfield>
          </datafield>
          <datafield tag="999" ind1=" " ind2=" ">
            <subfield code="5">870852107:110033973</subfield>
            <subfield code="a">L 70424</subfield>
            <subfield code="b">870852107ll</subfield>
            <subfield code="d">1</subfield>
            <subfield code="e">1</subfield>
            <subfield code="1">cdu-ll</subfield>
            <subfield code="c">875(082) Tra</subfield>
            <subfield code="x">870852107a</subfield>
            <subfield code="5">09.02.2000/872107/bmf</subfield>
          </datafield>
          <datafield tag="915" ind1=" " ind2=" ">
            <subfield code="5">441092102:181303965</subfield>
            <subfield code="a">0083485835</subfield>
            <subfield code="b">0083485835</subfield>
          </datafield>
          <datafield tag="930" ind1=" " ind2=" ">
            <subfield code="5">441092102:181303965</subfield>
            <subfield code="b">441092102</subfield>
            <subfield code="a">880 ESC</subfield>
            <subfield code="j">u</subfield>
          </datafield>
          <datafield tag="915" ind1=" " ind2=" ">
            <subfield code="5">987352101:155233408</subfield>
            <subfield code="a">32222000250896</subfield>
            <subfield code="b">32222000250896</subfield>
          </datafield>
          <datafield tag="917" ind1=" " ind2=" ">
            <subfield code="5">987352101:155233408</subfield>
            <subfield code="a">xxxx</subfield>
          </datafield>
          <datafield tag="930" ind1=" " ind2=" ">
            <subfield code="5">987352101:155233408</subfield>
            <subfield code="b">987352101</subfield>
            <subfield code="a">875 TRA</subfield>
            <subfield code="j">u</subfield>
          </datafield>
          <datafield tag="915" ind1=" " ind2=" ">
            <subfield code="5">861942214:109122836</subfield>
            <subfield code="a">861942214a/</subfield>
          </datafield>
          <datafield tag="917" ind1=" " ind2=" ">
            <subfield code="5">861942214:109122836</subfield>
            <subfield code="a">aaxx</subfield>
          </datafield>
          <datafield tag="930" ind1=" " ind2=" ">
            <subfield code="5">861942214:109122836</subfield>
            <subfield code="b">861942214</subfield>
            <subfield code="c">Histoire</subfield>
            <subfield code="a">938/802 TRA</subfield>
            <subfield code="j">u</subfield>
          </datafield>
          <datafield tag="999" ind1=" " ind2=" ">
            <subfield code="5">861942214:109122836</subfield>
            <subfield code="a">HIS 938/802 TRA</subfield>
            <subfield code="b">861942214a</subfield>
            <subfield code="d">1</subfield>
            <subfield code="e">1</subfield>
            <subfield code="x">861942214a</subfield>
            <subfield code="5">13.01.2000/862214/asa</subfield>
          </datafield>
          <datafield tag="915" ind1=" " ind2=" ">
            <subfield code="5">352382101:112185363</subfield>
            <subfield code="b">0284129813</subfield>
          </datafield>
          <datafield tag="917" ind1=" " ind2=" ">
            <subfield code="5">352382101:112185363</subfield>
            <subfield code="a">aaxx</subfield>
          </datafield>
          <datafield tag="930" ind1=" " ind2=" ">
            <subfield code="5">352382101:112185363</subfield>
            <subfield code="b">352382101</subfield>
            <subfield code="j">u</subfield>
          </datafield>
          <datafield tag="999" ind1=" " ind2=" ">
            <subfield code="5">352382101:112185363</subfield>
            <subfield code="c">BU</subfield>
            <subfield code="d">RE0201</subfield>
            <subfield code="v">0284129813</subfield>
          </datafield>
          <datafield tag="915" ind1=" " ind2=" ">
            <subfield code="5">764512204:264417208</subfield>
            <subfield code="a">PHI/6320</subfield>
          </datafield>
          <datafield tag="917" ind1=" " ind2=" ">
            <subfield code="5">764512204:264417208</subfield>
            <subfield code="a">aaaa</subfield>
          </datafield>
          <datafield tag="930" ind1=" " ind2=" ">
            <subfield code="5">764512204:264417208</subfield>
            <subfield code="b">764512204</subfield>
            <subfield code="a">PHI/6320</subfield>
            <subfield code="j">u</subfield>
          </datafield>
          <datafield tag="915" ind1=" " ind2=" ">
            <subfield code="5">764512204:264422031</subfield>
            <subfield code="a">PHI/5768</subfield>
          </datafield>
          <datafield tag="917" ind1=" " ind2=" ">
            <subfield code="5">764512204:264422031</subfield>
            <subfield code="a">aaaa</subfield>
          </datafield>
          <datafield tag="930" ind1=" " ind2=" ">
            <subfield code="5">764512204:264422031</subfield>
            <subfield code="b">764512204</subfield>
            <subfield code="a">PHI/5768</subfield>
            <subfield code="j">u</subfield>
          </datafield>
          <datafield tag="917" ind1=" " ind2=" ">
            <subfield code="5">422182101:112185371</subfield>
            <subfield code="a">aaxx</subfield>
          </datafield>
          <datafield tag="930" ind1=" " ind2=" ">
            <subfield code="5">422182101:112185371</subfield>
            <subfield code="b">422182101</subfield>
            <subfield code="j">u</subfield>
          </datafield>
          <datafield tag="999" ind1=" " ind2=" ">
            <subfield code="5">422182101:112185371</subfield>
            <subfield code="c">BU</subfield>
            <subfield code="d">STET21</subfield>
            <subfield code="a">875-2(08) TRA</subfield>
          </datafield>
          <datafield tag="917" ind1=" " ind2=" ">
            <subfield code="5">422182101:151710279</subfield>
            <subfield code="a">aaxx</subfield>
          </datafield>
          <datafield tag="930" ind1=" " ind2=" ">
            <subfield code="5">422182101:151710279</subfield>
            <subfield code="b">422182101</subfield>
            <subfield code="j">u</subfield>
          </datafield>
          <datafield tag="999" ind1=" " ind2=" ">
            <subfield code="5">422182101:151710279</subfield>
            <subfield code="c">BU</subfield>
            <subfield code="d">STET21</subfield>
            <subfield code="a">875-2(08) TRA</subfield>
          </datafield>
          <datafield tag="915" ind1=" " ind2=" ">
            <subfield code="5">315552102:110033981</subfield>
            <subfield code="a">315552102a/743839</subfield>
            <subfield code="b">0TOL0286650</subfield>
          </datafield>
          <datafield tag="917" ind1=" " ind2=" ">
            <subfield code="5">315552102:110033981</subfield>
            <subfield code="a">aaxx</subfield>
          </datafield>
          <datafield tag="930" ind1=" " ind2=" ">
            <subfield code="5">315552102:110033981</subfield>
            <subfield code="b">315552102</subfield>
            <subfield code="d">p</subfield>
            <subfield code="a">882 TRA</subfield>
            <subfield code="j">u</subfield>
            <subfield code="2">dewey</subfield>
          </datafield>
          <datafield tag="992" ind1=" " ind2=" ">
            <subfield code="5">315552102:110033981</subfield>
            <subfield code="a">utlgr</subfield>
          </datafield>
          <datafield tag="999" ind1=" " ind2=" ">
            <subfield code="5">315552102:110033981</subfield>
            <subfield code="a">D 31765</subfield>
            <subfield code="b">315552102p</subfield>
            <subfield code="d">1</subfield>
            <subfield code="e">1</subfield>
            <subfield code="1">dew-tl</subfield>
            <subfield code="c">882 TRA</subfield>
            <subfield code="x">315552102a/743839</subfield>
            <subfield code="u">tlgr</subfield>
            <subfield code="y">0TOL0286650</subfield>
            <subfield code="5">19.01.2000/312102/jlc</subfield>
          </datafield>
          <datafield tag="915" ind1=" " ind2=" ">
            <subfield code="5">372612102:131585258</subfield>
            <subfield code="a">M/XF 8511</subfield>
          </datafield>
          <datafield tag="917" ind1=" " ind2=" ">
            <subfield code="5">372612102:131585258</subfield>
            <subfield code="a">aaxx</subfield>
          </datafield>
          <datafield tag="930" ind1=" " ind2=" ">
            <subfield code="5">372612102:131585258</subfield>
            <subfield code="b">372612102</subfield>
            <subfield code="e">SRTL</subfield>
            <subfield code="j">u</subfield>
          </datafield>
          <datafield tag="999" ind1=" " ind2=" ">
            <subfield code="5">372612102:131585258</subfield>
            <subfield code="z">M/XF 8511</subfield>
          </datafield>
          <datafield tag="915" ind1=" " ind2=" ">
            <subfield code="5">372612102:131585266</subfield>
            <subfield code="a">M/XF 8512</subfield>
          </datafield>
          <datafield tag="917" ind1=" " ind2=" ">
            <subfield code="5">372612102:131585266</subfield>
            <subfield code="a">aaxx</subfield>
          </datafield>
          <datafield tag="930" ind1=" " ind2=" ">
            <subfield code="5">372612102:131585266</subfield>
            <subfield code="b">372612102</subfield>
            <subfield code="e">SRTL</subfield>
            <subfield code="j">u</subfield>
          </datafield>
          <datafield tag="999" ind1=" " ind2=" ">
            <subfield code="5">372612102:131585266</subfield>
            <subfield code="z">M/XF 8512</subfield>
          </datafield>
          <datafield tag="915" ind1=" " ind2=" ">
            <subfield code="5">596062101:143041088</subfield>
            <subfield code="a">V/94029</subfield>
          </datafield>
          <datafield tag="917" ind1=" " ind2=" ">
            <subfield code="5">596062101:143041088</subfield>
            <subfield code="a">aaxx</subfield>
          </datafield>
          <datafield tag="930" ind1=" " ind2=" ">
            <subfield code="5">596062101:143041088</subfield>
            <subfield code="b">596062101</subfield>
            <subfield code="e">FVAA</subfield>
            <subfield code="j">u</subfield>
          </datafield>
          <datafield tag="999" ind1=" " ind2=" ">
            <subfield code="5">596062101:143041088</subfield>
            <subfield code="z">V/94029</subfield>
          </datafield>
          <datafield tag="930" ind1=" " ind2=" ">
            <subfield code="5">751052219:144439026</subfield>
            <subfield code="b">751052219</subfield>
            <subfield code="a">Tm 68</subfield>
            <subfield code="j">u</subfield>
          </datafield>
          <datafield tag="915" ind1=" " ind2=" ">
            <subfield code="5">751082101:135201616</subfield>
            <subfield code="a">751082101a/</subfield>
          </datafield>
          <datafield tag="917" ind1=" " ind2=" ">
            <subfield code="5">751082101:135201616</subfield>
            <subfield code="a">aaxx</subfield>
          </datafield>
          <datafield tag="930" ind1=" " ind2=" ">
            <subfield code="5">751082101:135201616</subfield>
            <subfield code="b">751082101</subfield>
            <subfield code="d">ma</subfield>
            <subfield code="a">LE 7800</subfield>
            <subfield code="j">u</subfield>
          </datafield>
          <datafield tag="992" ind1=" " ind2=" ">
            <subfield code="5">751082101:135201616</subfield>
            <subfield code="a">upllet</subfield>
          </datafield>
          <datafield tag="999" ind1=" " ind2=" ">
            <subfield code="5">751082101:135201616</subfield>
            <subfield code="a">LE 7800</subfield>
            <subfield code="p">202712</subfield>
            <subfield code="b">751082101ma</subfield>
            <subfield code="d">1</subfield>
            <subfield code="e">1</subfield>
            <subfield code="x">751082101a</subfield>
            <subfield code="u">pllet</subfield>
            <subfield code="5">28.12.2000/752199/eli</subfield>
          </datafield>
          <datafield tag="915" ind1=" " ind2=" ">
            <subfield code="5">751082101:135201624</subfield>
            <subfield code="a">751082101a/</subfield>
          </datafield>
          <datafield tag="917" ind1=" " ind2=" ">
            <subfield code="5">751082101:135201624</subfield>
            <subfield code="a">aaxx</subfield>
          </datafield>
          <datafield tag="930" ind1=" " ind2=" ">
            <subfield code="5">751082101:135201624</subfield>
            <subfield code="b">751082101</subfield>
            <subfield code="d">la</subfield>
            <subfield code="a">875-2 TRA</subfield>
            <subfield code="j">u</subfield>
            <subfield code="2">CDU</subfield>
          </datafield>
          <datafield tag="992" ind1=" " ind2=" ">
            <subfield code="5">751082101:135201624</subfield>
            <subfield code="a">upllet</subfield>
          </datafield>
          <datafield tag="999" ind1=" " ind2=" ">
            <subfield code="5">751082101:135201624</subfield>
            <subfield code="a">LE 7800</subfield>
            <subfield code="b">751082101la</subfield>
            <subfield code="d">2</subfield>
            <subfield code="e">1</subfield>
            <subfield code="1">cdu-pl</subfield>
            <subfield code="c">875-2 TRA</subfield>
            <subfield code="x">751082101a</subfield>
            <subfield code="u">pllet</subfield>
            <subfield code="5">25.01.2001/752199/chj</subfield>
          </datafield>
          <datafield tag="915" ind1=" " ind2=" ">
            <subfield code="5">930662101:131350951</subfield>
            <subfield code="a">930662101a/</subfield>
            <subfield code="b">025318493</subfield>
          </datafield>
          <datafield tag="917" ind1=" " ind2=" ">
            <subfield code="5">930662101:131350951</subfield>
            <subfield code="a">abxx</subfield>
          </datafield>
          <datafield tag="930" ind1=" " ind2=" ">
            <subfield code="5">930662101:131350951</subfield>
            <subfield code="b">930662101</subfield>
            <subfield code="d">sa</subfield>
            <subfield code="a">875(082) Tra</subfield>
            <subfield code="j">i</subfield>
            <subfield code="2">CDU</subfield>
          </datafield>
          <datafield tag="999" ind1=" " ind2=" ">
            <subfield code="5">930662101:131350951</subfield>
            <subfield code="a">VG-LIP</subfield>
            <subfield code="b">930662101sa</subfield>
            <subfield code="d">1</subfield>
            <subfield code="e">1</subfield>
            <subfield code="1">cdu-pd</subfield>
            <subfield code="c">875(082) Tra</subfield>
            <subfield code="x">930662101a</subfield>
            <subfield code="y">025318493</subfield>
            <subfield code="5">29.09.2000/932101/dev</subfield>
          </datafield>
          <datafield tag="930" ind1=" " ind2=" ">
            <subfield code="5">920502102:201881004</subfield>
            <subfield code="b">920502102</subfield>
            <subfield code="a">875 Tra=40</subfield>
            <subfield code="j">u</subfield>
          </datafield>
          <datafield tag="915" ind1=" " ind2=" ">
            <subfield code="5">940282102:270564128</subfield>
            <subfield code="b">99210921</subfield>
          </datafield>
          <datafield tag="930" ind1=" " ind2=" ">
            <subfield code="5">940282102:270564128</subfield>
            <subfield code="b">940282102</subfield>
            <subfield code="a">875 TRA</subfield>
            <subfield code="j">u</subfield>
          </datafield>
          <datafield tag="991" ind1=" " ind2=" ">
            <subfield code="5">940282102:270564128</subfield>
            <subfield code="a">Exemplaire créé automatiquement par l'ABES</subfield>
          </datafield>
          <datafield tag="915" ind1=" " ind2=" ">
            <subfield code="5">930792101:169864820</subfield>
            <subfield code="b">0152001463</subfield>
          </datafield>
          <datafield tag="930" ind1=" " ind2=" ">
            <subfield code="5">930792101:169864820</subfield>
            <subfield code="b">930792101</subfield>
            <subfield code="a">875 TRA</subfield>
            <subfield code="j">u</subfield>
          </datafield>
          <datafield tag="915" ind1=" " ind2=" ">
            <subfield code="5">751052105:18438883X</subfield>
            <subfield code="a">a/461040</subfield>
            <subfield code="b">1153825945</subfield>
          </datafield>
          <datafield tag="917" ind1=" " ind2=" ">
            <subfield code="5">751052105:18438883X</subfield>
            <subfield code="a">aaaa</subfield>
          </datafield>
          <datafield tag="930" ind1=" " ind2=" ">
            <subfield code="5">751052105:18438883X</subfield>
            <subfield code="b">751052105</subfield>
            <subfield code="c">Salle de lecture</subfield>
            <subfield code="d">Communication indirecte</subfield>
            <subfield code="a">M 8= 36026</subfield>
            <subfield code="j">u</subfield>
          </datafield>
          <datafield tag="999" ind1=" " ind2=" ">
            <subfield code="5">751052105:18438883X</subfield>
            <subfield code="a">je</subfield>
            <subfield code="b">DSS2</subfield>
          </datafield>
          <datafield tag="915" ind1=" " ind2=" ">
            <subfield code="5">751052116:11218538X</subfield>
            <subfield code="a">B10697146</subfield>
            <subfield code="b">9105490271</subfield>
          </datafield>
          <datafield tag="917" ind1=" " ind2=" ">
            <subfield code="5">751052116:11218538X</subfield>
            <subfield code="a">aaxx</subfield>
          </datafield>
          <datafield tag="930" ind1=" " ind2=" ">
            <subfield code="5">751052116:11218538X</subfield>
            <subfield code="b">751052116</subfield>
            <subfield code="a">8 Y SUP 71885</subfield>
            <subfield code="j">u</subfield>
          </datafield>
          <datafield tag="999" ind1=" " ind2=" ">
            <subfield code="5">751052116:11218538X</subfield>
            <subfield code="c">BU</subfield>
            <subfield code="d">BSG</subfield>
            <subfield code="a">8 Y SUP 71885</subfield>
            <subfield code="v">9105490271</subfield>
            <subfield code="A">B10697146</subfield>
          </datafield>
          <datafield tag="915" ind1=" " ind2=" ">
            <subfield code="5">751142102:109122844</subfield>
            <subfield code="a">751142102a/60260</subfield>
          </datafield>
          <datafield tag="917" ind1=" " ind2=" ">
            <subfield code="5">751142102:109122844</subfield>
            <subfield code="a">aaxx</subfield>
          </datafield>
          <datafield tag="930" ind1=" " ind2=" ">
            <subfield code="5">751142102:109122844</subfield>
            <subfield code="b">751142102</subfield>
            <subfield code="d">b</subfield>
            <subfield code="a">875(082) TRA</subfield>
            <subfield code="j">u</subfield>
            <subfield code="2">CDU</subfield>
          </datafield>
          <datafield tag="992" ind1=" " ind2=" ">
            <subfield code="5">751142102:109122844</subfield>
            <subfield code="a">upupl</subfield>
          </datafield>
          <datafield tag="999" ind1=" " ind2=" ">
            <subfield code="5">751142102:109122844</subfield>
            <subfield code="a">P 22909</subfield>
            <subfield code="b">751142102b</subfield>
            <subfield code="d">1</subfield>
            <subfield code="e">1</subfield>
            <subfield code="1">cdu-pu</subfield>
            <subfield code="c">875(082) TRA</subfield>
            <subfield code="x">751142102a/60260</subfield>
            <subfield code="u">pupl</subfield>
            <subfield code="5">15.12.1999/752198/mdl</subfield>
          </datafield>
          <datafield tag="915" ind1=" " ind2=" ">
            <subfield code="5">751052144:23777822X</subfield>
            <subfield code="b">3350513814</subfield>
            <subfield code="a">E3</subfield>
          </datafield>
          <datafield tag="930" ind1=" " ind2=" ">
            <subfield code="5">751052144:23777822X</subfield>
            <subfield code="b">751052144</subfield>
            <subfield code="a">88/1 TRA</subfield>
            <subfield code="j">i</subfield>
          </datafield>
          <datafield tag="999" ind1=" " ind2=" ">
            <subfield code="5">751052144:23777822X</subfield>
            <subfield code="a">EM</subfield>
            <subfield code="b">GRE4B</subfield>
          </datafield>
        </record>
      </recordData>
      <recordPosition>83</recordPosition>
    </record>