
    <record>
      <recordSchema>dc</recordSchema>
      <recordPacking>xml</recordPacking>
      <recordData>
        <record xsi:schemaLocation="http://www.loc.gov/MARC21/slim http://www.loc.gov/standards/marcxml/schema/MARC21slim.xsd" xmlns="http://www.loc.gov/MARC21/slim" xmlns:xsi="http://www.w3.org/2001/XMLSchema-instance">
          <leader>03146cam0 2200757   4500</leader>
          <controlfield tag="001">048962112</controlfield>
          <controlfield tag="005">20060403181411.000</controlfield>
          <datafield tag="010" ind1=" " ind2=" ">
            <subfield code="a">2-7178-3942-9</subfield>
            <subfield code="b">br</subfield>
            <subfield code="d">149 F:22,71 EUR</subfield>
          </datafield>
          <datafield tag="020" ind1=" " ind2=" ">
            <subfield code="a">FR</subfield>
            <subfield code="b">00027363</subfield>
          </datafield>
          <datafield tag="021" ind1=" " ind2=" ">
            <subfield code="a">FR</subfield>
            <subfield code="b">DL 99-41939 (D4)</subfield>
          </datafield>
          <datafield tag="035" ind1=" " ind2=" ">
            <subfield code="z">ocm43934914</subfield>
          </datafield>
          <datafield tag="035" ind1=" " ind2=" ">
            <subfield code="a">ocm42891567</subfield>
          </datafield>
          <datafield tag="035" ind1=" " ind2=" ">
            <subfield code="a">frBN024929472</subfield>
          </datafield>
          <datafield tag="035" ind1=" " ind2=" ">
            <subfield code="5">490072106</subfield>
            <subfield code="a">DYNIX-BUANG-284236</subfield>
          </datafield>
          <datafield tag="100" ind1=" " ind2=" ">
            <subfield code="a">19991206d1999    |||y0frey0103    ba</subfield>
          </datafield>
          <datafield tag="101" ind1="0" ind2=" ">
            <subfield code="a">fre</subfield>
          </datafield>
          <datafield tag="102" ind1=" " ind2=" ">
            <subfield code="a">FR</subfield>
          </datafield>
          <datafield tag="105" ind1=" " ind2=" ">
            <subfield code="a">y   zz  00|z|</subfield>
          </datafield>
          <datafield tag="106" ind1=" " ind2=" ">
            <subfield code="a">r</subfield>
          </datafield>
          <datafield tag="200" ind1="1" ind2=" ">
            <subfield code="a">&lt;?char 136 ?&gt;L'&lt;?char 137 ?&gt;Europe d'Oedipe</subfield>
            <subfield code="b">Texte imprimé</subfield>
            <subfield code="e">des guerres civiles européennes en perspective</subfield>
            <subfield code="f">Alain Faure-Dufourmantelle</subfield>
            <subfield code="g">préf. du général Pierre-Marie Gallois</subfield>
          </datafield>
          <datafield tag="210" ind1=" " ind2=" ">
            <subfield code="a">Paris</subfield>
            <subfield code="c">Économica</subfield>
            <subfield code="d">1999</subfield>
            <subfield code="e">Paris</subfield>
            <subfield code="g">Impr. Jouve</subfield>
          </datafield>
          <datafield tag="215" ind1=" " ind2=" ">
            <subfield code="a">XXIII-214 p</subfield>
            <subfield code="c">couv. ill. en coul</subfield>
            <subfield code="d">24 cm</subfield>
          </datafield>
          <datafield tag="300" ind1=" " ind2=" ">
            <subfield code="a">En appendice, choix de documents</subfield>
          </datafield>
          <datafield tag="345" ind1=" " ind2=" ">
            <subfield code="b">9782717839425</subfield>
          </datafield>
          <datafield tag="606" ind1="1" ind2=" ">
            <subfield code="3">095938524</subfield>
            <subfield code="a">Défense</subfield>
            <subfield code="y">France</subfield>
            <subfield code="3">027789713</subfield>
            <subfield code="x">Prévision</subfield>
            <subfield code="2">rameau</subfield>
          </datafield>
          <datafield tag="607" ind1=" " ind2=" ">
            <subfield code="3">02766483X</subfield>
            <subfield code="a">Défense</subfield>
            <subfield code="y">Europe de l'Ouest</subfield>
            <subfield code="3">027789713</subfield>
            <subfield code="x">Prévision</subfield>
            <subfield code="2">rameau</subfield>
          </datafield>
          <datafield tag="607" ind1=" " ind2=" ">
            <subfield code="3">029159458</subfield>
            <subfield code="a">Europe</subfield>
            <subfield code="x">Politique et gouvernement</subfield>
            <subfield code="z">20e siècle</subfield>
            <subfield code="2">rameau</subfield>
          </datafield>
          <datafield tag="607" ind1=" " ind2=" ">
            <subfield code="3">031442757</subfield>
            <subfield code="a">Europe</subfield>
            <subfield code="x">Histoire militaire</subfield>
            <subfield code="z">20e siècle</subfield>
            <subfield code="2">rameau</subfield>
          </datafield>
          <datafield tag="675" ind1=" " ind2=" ">
            <subfield code="a">824</subfield>
            <subfield code="v">Éd. 1967</subfield>
          </datafield>
          <datafield tag="676" ind1=" " ind2=" ">
            <subfield code="a">800</subfield>
          </datafield>
          <datafield tag="680" ind1=" " ind2=" ">
            <subfield code="a">HV7431</subfield>
          </datafield>
          <datafield tag="680" ind1=" " ind2=" ">
            <subfield code="5">490072106</subfield>
            <subfield code="a">D445</subfield>
            <subfield code="b">.F38 1999</subfield>
          </datafield>
          <datafield tag="700" ind1=" " ind2="1">
            <subfield code="3">050672835</subfield>
            <subfield code="a">Faure-Dufourmantelle</subfield>
            <subfield code="b">Alain</subfield>
          </datafield>
          <datafield tag="702" ind1=" " ind2="1">
            <subfield code="3">026880008</subfield>
            <subfield code="a">Gallois</subfield>
            <subfield code="b">Pierre M.</subfield>
            <subfield code="f">1911-....</subfield>
            <subfield code="4">070</subfield>
          </datafield>
          <datafield tag="801" ind1=" " ind2="3">
            <subfield code="a">FR</subfield>
            <subfield code="b">Abes</subfield>
            <subfield code="c">20060403</subfield>
            <subfield code="g">AFNOR</subfield>
          </datafield>
          <datafield tag="801" ind1=" " ind2="1">
            <subfield code="a">US</subfield>
            <subfield code="b">OCLC</subfield>
            <subfield code="c">20060403</subfield>
            <subfield code="g">AACR2</subfield>
          </datafield>
          <datafield tag="801" ind1=" " ind2="2">
            <subfield code="a">FR</subfield>
            <subfield code="b">AUROC</subfield>
            <subfield code="c">20060403</subfield>
            <subfield code="g">AFNOR</subfield>
          </datafield>
          <datafield tag="801" ind1=" " ind2="3">
            <subfield code="a">FR</subfield>
            <subfield code="b">BN</subfield>
            <subfield code="c">20060403</subfield>
            <subfield code="g">AFNOR</subfield>
          </datafield>
          <datafield tag="930" ind1=" " ind2=" ">
            <subfield code="5">490072106:203131320</subfield>
            <subfield code="b">490072106</subfield>
            <subfield code="a">94 050 FAU 045721</subfield>
            <subfield code="j">s</subfield>
          </datafield>
          <datafield tag="917" ind1=" " ind2=" ">
            <subfield code="5">212312101:11215963X</subfield>
            <subfield code="a">aaxx</subfield>
          </datafield>
          <datafield tag="930" ind1=" " ind2=" ">
            <subfield code="5">212312101:11215963X</subfield>
            <subfield code="b">212312101</subfield>
            <subfield code="a">355/1108*BU/DL</subfield>
            <subfield code="j">u</subfield>
          </datafield>
          <datafield tag="999" ind1=" " ind2=" ">
            <subfield code="5">212312101:11215963X</subfield>
            <subfield code="c">BU</subfield>
            <subfield code="d">DIJO01</subfield>
            <subfield code="a">355/1108*BU/DL</subfield>
          </datafield>
          <datafield tag="915" ind1=" " ind2=" ">
            <subfield code="5">593502103:129445371</subfield>
            <subfield code="a">C/JA 31 886</subfield>
          </datafield>
          <datafield tag="917" ind1=" " ind2=" ">
            <subfield code="5">593502103:129445371</subfield>
            <subfield code="a">aaxx</subfield>
          </datafield>
          <datafield tag="930" ind1=" " ind2=" ">
            <subfield code="5">593502103:129445371</subfield>
            <subfield code="b">593502103</subfield>
            <subfield code="e">FSWD</subfield>
            <subfield code="j">u</subfield>
          </datafield>
          <datafield tag="999" ind1=" " ind2=" ">
            <subfield code="5">593502103:129445371</subfield>
            <subfield code="z">C/JA 31 886</subfield>
            <subfield code="a">DRO</subfield>
            <subfield code="b">DMON0</subfield>
            <subfield code="c">DPNR</subfield>
            <subfield code="d">327 FAU</subfield>
          </datafield>
          <datafield tag="915" ind1=" " ind2=" ">
            <subfield code="5">682242101:139916326</subfield>
            <subfield code="a">T/52356</subfield>
          </datafield>
          <datafield tag="917" ind1=" " ind2=" ">
            <subfield code="5">682242101:139916326</subfield>
            <subfield code="a">aaxx</subfield>
          </datafield>
          <datafield tag="930" ind1=" " ind2=" ">
            <subfield code="5">682242101:139916326</subfield>
            <subfield code="b">682242101</subfield>
            <subfield code="e">FHAL</subfield>
            <subfield code="a">327(09) FAU BUHA</subfield>
            <subfield code="j">u</subfield>
          </datafield>
          <datafield tag="999" ind1=" " ind2=" ">
            <subfield code="5">682242101:139916326</subfield>
            <subfield code="z">T/52356</subfield>
          </datafield>
          <datafield tag="915" ind1=" " ind2=" ">
            <subfield code="5">060882104:113389019</subfield>
            <subfield code="a">99360-105-A</subfield>
            <subfield code="b">0922063403</subfield>
          </datafield>
          <datafield tag="917" ind1=" " ind2=" ">
            <subfield code="5">060882104:113389019</subfield>
            <subfield code="a">aaac</subfield>
          </datafield>
          <datafield tag="930" ind1=" " ind2=" ">
            <subfield code="5">060882104:113389019</subfield>
            <subfield code="b">060882104</subfield>
            <subfield code="c">BU-LET</subfield>
            <subfield code="d">SL1</subfield>
            <subfield code="a">HV 7431 FAU</subfield>
            <subfield code="j">u</subfield>
          </datafield>
          <datafield tag="917" ind1=" " ind2=" ">
            <subfield code="5">315552103:112159648</subfield>
            <subfield code="a">aaxx</subfield>
          </datafield>
          <datafield tag="930" ind1=" " ind2=" ">
            <subfield code="5">315552103:112159648</subfield>
            <subfield code="b">315552103</subfield>
            <subfield code="a">JN12/1005</subfield>
            <subfield code="j">u</subfield>
          </datafield>
          <datafield tag="999" ind1=" " ind2=" ">
            <subfield code="5">315552103:112159648</subfield>
            <subfield code="c">BU</subfield>
            <subfield code="d">TOUL01</subfield>
            <subfield code="a">JN12/1005</subfield>
          </datafield>
          <datafield tag="915" ind1=" " ind2=" ">
            <subfield code="5">751052116:112159656</subfield>
            <subfield code="a">B10697616</subfield>
            <subfield code="b">9105494200</subfield>
          </datafield>
          <datafield tag="917" ind1=" " ind2=" ">
            <subfield code="5">751052116:112159656</subfield>
            <subfield code="a">aaxx</subfield>
          </datafield>
          <datafield tag="930" ind1=" " ind2=" ">
            <subfield code="5">751052116:112159656</subfield>
            <subfield code="b">751052116</subfield>
            <subfield code="a">8 G SUP 13305</subfield>
            <subfield code="j">u</subfield>
          </datafield>
          <datafield tag="999" ind1=" " ind2=" ">
            <subfield code="5">751052116:112159656</subfield>
            <subfield code="c">BU</subfield>
            <subfield code="d">BSG</subfield>
            <subfield code="a">8 G SUP 13305</subfield>
            <subfield code="v">9105494200</subfield>
            <subfield code="A">B10697616</subfield>
          </datafield>
          <datafield tag="915" ind1=" " ind2=" ">
            <subfield code="5">920502101:133619419</subfield>
            <subfield code="a">D.L. 00/613</subfield>
          </datafield>
          <datafield tag="917" ind1=" " ind2=" ">
            <subfield code="5">920502101:133619419</subfield>
            <subfield code="a">aaxx</subfield>
          </datafield>
          <datafield tag="930" ind1=" " ind2=" ">
            <subfield code="5">920502101:133619419</subfield>
            <subfield code="b">920502101</subfield>
            <subfield code="a">O 221753</subfield>
            <subfield code="j">u</subfield>
          </datafield>
          <datafield tag="999" ind1=" " ind2=" ">
            <subfield code="5">920502101:133619419</subfield>
            <subfield code="c">BU</subfield>
            <subfield code="d">BDIC01</subfield>
            <subfield code="a">O 221753</subfield>
            <subfield code="A">D.L. 00/613</subfield>
          </datafield>
          <datafield tag="930" ind1=" " ind2=" ">
            <subfield code="5">751063001:147566630</subfield>
            <subfield code="b">751063001</subfield>
            <subfield code="a">8ʿN.S. 48797</subfield>
            <subfield code="j">g</subfield>
          </datafield>
          <datafield tag="999" ind1=" " ind2=" ">
            <subfield code="5">751063001:147566630</subfield>
            <subfield code="z">M/D.178641</subfield>
          </datafield>
        </record>
      </recordData>
      <recordPosition>84</recordPosition>
    </record>