
    <record>
      <recordSchema>dc</recordSchema>
      <recordPacking>xml</recordPacking>
      <recordData>
        <record xsi:schemaLocation="http://www.loc.gov/MARC21/slim http://www.loc.gov/standards/marcxml/schema/MARC21slim.xsd" xmlns="http://www.loc.gov/MARC21/slim" xmlns:xsi="http://www.w3.org/2001/XMLSchema-instance">
          <leader>07221cam0 2201549   4500</leader>
          <controlfield tag="001">048352993</controlfield>
          <controlfield tag="005">20051024120111.000</controlfield>
          <datafield tag="010" ind1=" " ind2=" ">
            <subfield code="a">2-213-60463-0</subfield>
            <subfield code="b">rectifié</subfield>
            <subfield code="d">95 F</subfield>
            <subfield code="z">2-213-604630</subfield>
          </datafield>
          <datafield tag="020" ind1=" " ind2=" ">
            <subfield code="a">FR</subfield>
            <subfield code="b">00034300</subfield>
          </datafield>
          <datafield tag="021" ind1=" " ind2=" ">
            <subfield code="a">FR</subfield>
            <subfield code="b">DL 99-40760 (D1)</subfield>
          </datafield>
          <datafield tag="035" ind1=" " ind2=" ">
            <subfield code="a">ocm42651120</subfield>
          </datafield>
          <datafield tag="035" ind1=" " ind2=" ">
            <subfield code="a">sib1516950</subfield>
          </datafield>
          <datafield tag="035" ind1=" " ind2=" ">
            <subfield code="a">urouen84754</subfield>
          </datafield>
          <datafield tag="035" ind1=" " ind2=" ">
            <subfield code="a">frBN02489789X</subfield>
          </datafield>
          <datafield tag="035" ind1=" " ind2=" ">
            <subfield code="5">800212102</subfield>
            <subfield code="a">DYNIX-BUANG-282990</subfield>
          </datafield>
          <datafield tag="100" ind1=" " ind2=" ">
            <subfield code="a">20000306d1999    ||||0frey0103    ba</subfield>
          </datafield>
          <datafield tag="101" ind1="0" ind2=" ">
            <subfield code="a">fre</subfield>
          </datafield>
          <datafield tag="102" ind1=" " ind2=" ">
            <subfield code="a">FR</subfield>
          </datafield>
          <datafield tag="105" ind1=" " ind2=" ">
            <subfield code="a">y   |||||||||</subfield>
          </datafield>
          <datafield tag="200" ind1="1" ind2=" ">
            <subfield code="a">Oedipe à Vincennes</subfield>
            <subfield code="b">Texte imprimé</subfield>
            <subfield code="e">séminaire 69</subfield>
            <subfield code="f">Serge Leclaire</subfield>
            <subfield code="g">préf. et annot. par Elisabeth Roudinesco</subfield>
          </datafield>
          <datafield tag="210" ind1=" " ind2=" ">
            <subfield code="a">Paris</subfield>
            <subfield code="c">Fayard</subfield>
            <subfield code="d">1999</subfield>
          </datafield>
          <datafield tag="215" ind1=" " ind2=" ">
            <subfield code="a">182 p.</subfield>
            <subfield code="d">22 cm</subfield>
          </datafield>
          <datafield tag="225" ind1="0" ind2=" ">
            <subfield code="a">Histoire de la pensée</subfield>
          </datafield>
          <datafield tag="300" ind1=" " ind2=" ">
            <subfield code="a">Séminaire donné au Département de psychanalyse du centre expérimental universitaire de Vincennes par Serge Leclaire pendant le premier semestre de 1969</subfield>
          </datafield>
          <datafield tag="320" ind1=" " ind2=" ">
            <subfield code="a">Notes bibliogr.</subfield>
          </datafield>
          <datafield tag="410" ind1=" " ind2=" ">
            <subfield code="0">048632422</subfield>
            <subfield code="t">Histoire de la pensée (Paris. 1999)</subfield>
            <subfield code="x">1296-1698</subfield>
          </datafield>
          <datafield tag="606" ind1="1" ind2=" ">
            <subfield code="3">027241521</subfield>
            <subfield code="a">Psychanalyse</subfield>
            <subfield code="x">Recherche</subfield>
            <subfield code="2">rameau</subfield>
          </datafield>
          <datafield tag="606" ind1="1" ind2=" ">
            <subfield code="3">027241505</subfield>
            <subfield code="a">Psychanalyse</subfield>
            <subfield code="3">027227448</subfield>
            <subfield code="y">France</subfield>
            <subfield code="x">Histoire</subfield>
            <subfield code="3">086305646</subfield>
            <subfield code="z">20e siècle</subfield>
            <subfield code="2">rameau</subfield>
          </datafield>
          <datafield tag="675" ind1=" " ind2=" ">
            <subfield code="a">1</subfield>
            <subfield code="v">Éd. 1967</subfield>
          </datafield>
          <datafield tag="676" ind1=" " ind2=" ">
            <subfield code="a">100</subfield>
          </datafield>
          <datafield tag="676" ind1=" " ind2=" ">
            <subfield code="5">800212102</subfield>
            <subfield code="a">154.24</subfield>
            <subfield code="f">LEC</subfield>
          </datafield>
          <datafield tag="676" ind1=" " ind2=" ">
            <subfield code="5">800212102</subfield>
            <subfield code="a">150.195</subfield>
            <subfield code="f">LEC</subfield>
          </datafield>
          <datafield tag="676" ind1=" " ind2=" ">
            <subfield code="5">800212102</subfield>
            <subfield code="a">150.195</subfield>
            <subfield code="f">LEC</subfield>
          </datafield>
          <datafield tag="681" ind1=" " ind2=" ">
            <subfield code="5">800212102</subfield>
            <subfield code="a">WM 460</subfield>
            <subfield code="f">LEC</subfield>
          </datafield>
          <datafield tag="700" ind1=" " ind2="1">
            <subfield code="3">032359314</subfield>
            <subfield code="a">Leclaire</subfield>
            <subfield code="b">Serge</subfield>
            <subfield code="f">1924-1994</subfield>
            <subfield code="4">070</subfield>
          </datafield>
          <datafield tag="702" ind1=" " ind2="1">
            <subfield code="3">027111008</subfield>
            <subfield code="a">Roudinesco</subfield>
            <subfield code="b">Élisabeth</subfield>
            <subfield code="f">1944-....</subfield>
            <subfield code="4">080</subfield>
          </datafield>
          <datafield tag="801" ind1=" " ind2="3">
            <subfield code="a">FR</subfield>
            <subfield code="b">Abes</subfield>
            <subfield code="c">20051024</subfield>
            <subfield code="g">AFNOR</subfield>
          </datafield>
          <datafield tag="801" ind1=" " ind2="1">
            <subfield code="a">US</subfield>
            <subfield code="b">OCLC</subfield>
            <subfield code="c">20051024</subfield>
            <subfield code="g">AACR2</subfield>
          </datafield>
          <datafield tag="801" ind1=" " ind2="2">
            <subfield code="a">FR</subfield>
            <subfield code="b">AUROC</subfield>
            <subfield code="c">20051024</subfield>
            <subfield code="g">AFNOR</subfield>
          </datafield>
          <datafield tag="801" ind1=" " ind2="3">
            <subfield code="a">FR</subfield>
            <subfield code="b">SF</subfield>
            <subfield code="c">20051024</subfield>
            <subfield code="g">AFNOR</subfield>
          </datafield>
          <datafield tag="801" ind1=" " ind2="3">
            <subfield code="a">FR</subfield>
            <subfield code="b">BN</subfield>
            <subfield code="c">20051024</subfield>
            <subfield code="g">AFNOR</subfield>
          </datafield>
          <datafield tag="915" ind1=" " ind2=" ">
            <subfield code="5">800212102:128091800</subfield>
            <subfield code="a">B/M 2000-611</subfield>
          </datafield>
          <datafield tag="917" ind1=" " ind2=" ">
            <subfield code="5">800212102:128091800</subfield>
            <subfield code="a">aaxx</subfield>
          </datafield>
          <datafield tag="930" ind1=" " ind2=" ">
            <subfield code="5">800212102:128091800</subfield>
            <subfield code="b">800212102</subfield>
            <subfield code="e">FIPM</subfield>
            <subfield code="j">u</subfield>
          </datafield>
          <datafield tag="999" ind1=" " ind2=" ">
            <subfield code="5">800212102:128091800</subfield>
            <subfield code="z">B/M 2000-611</subfield>
          </datafield>
          <datafield tag="930" ind1=" " ind2=" ">
            <subfield code="5">490072106:203123115</subfield>
            <subfield code="b">490072106</subfield>
            <subfield code="a">15 070 LEC 017093</subfield>
            <subfield code="j">s</subfield>
          </datafield>
          <datafield tag="915" ind1=" " ind2=" ">
            <subfield code="5">250562101:126909504</subfield>
            <subfield code="b">1143903865</subfield>
          </datafield>
          <datafield tag="917" ind1=" " ind2=" ">
            <subfield code="5">250562101:126909504</subfield>
            <subfield code="a">aaxx</subfield>
          </datafield>
          <datafield tag="930" ind1=" " ind2=" ">
            <subfield code="5">250562101:126909504</subfield>
            <subfield code="b">250562101</subfield>
            <subfield code="a">669309</subfield>
            <subfield code="j">u</subfield>
          </datafield>
          <datafield tag="999" ind1=" " ind2=" ">
            <subfield code="5">250562101:126909504</subfield>
            <subfield code="c">BU</subfield>
            <subfield code="d">BESA01</subfield>
            <subfield code="a">669309</subfield>
            <subfield code="v">1143903865</subfield>
          </datafield>
          <datafield tag="930" ind1=" " ind2=" ">
            <subfield code="5">330632102:245386351</subfield>
            <subfield code="b">330632102</subfield>
            <subfield code="a">VB 25619</subfield>
            <subfield code="j">u</subfield>
          </datafield>
          <datafield tag="915" ind1=" " ind2=" ">
            <subfield code="5">590092101:191984760</subfield>
            <subfield code="a">SA 39362</subfield>
            <subfield code="b">0215370214</subfield>
          </datafield>
          <datafield tag="917" ind1=" " ind2=" ">
            <subfield code="5">590092101:191984760</subfield>
            <subfield code="a">aaax</subfield>
          </datafield>
          <datafield tag="930" ind1=" " ind2=" ">
            <subfield code="5">590092101:191984760</subfield>
            <subfield code="b">590092101</subfield>
            <subfield code="a">150.195 LEC</subfield>
            <subfield code="j">u</subfield>
          </datafield>
          <datafield tag="999" ind1=" " ind2=" ">
            <subfield code="5">590092101:191984760</subfield>
            <subfield code="a">0LIA</subfield>
            <subfield code="b">0PSY</subfield>
          </datafield>
          <datafield tag="915" ind1=" " ind2=" ">
            <subfield code="5">690292101:112147828</subfield>
            <subfield code="b">335238</subfield>
          </datafield>
          <datafield tag="917" ind1=" " ind2=" ">
            <subfield code="5">690292101:112147828</subfield>
            <subfield code="a">aaxx</subfield>
          </datafield>
          <datafield tag="930" ind1=" " ind2=" ">
            <subfield code="5">690292101:112147828</subfield>
            <subfield code="b">690292101</subfield>
            <subfield code="j">u</subfield>
          </datafield>
          <datafield tag="999" ind1=" " ind2=" ">
            <subfield code="5">690292101:112147828</subfield>
            <subfield code="c">BU</subfield>
            <subfield code="d">LY0201</subfield>
            <subfield code="a">159.964.2 LEC</subfield>
            <subfield code="v">335238</subfield>
          </datafield>
          <datafield tag="915" ind1=" " ind2=" ">
            <subfield code="5">341722103:110389093</subfield>
            <subfield code="a">341722103a/1618</subfield>
          </datafield>
          <datafield tag="917" ind1=" " ind2=" ">
            <subfield code="5">341722103:110389093</subfield>
            <subfield code="a">aaxx</subfield>
          </datafield>
          <datafield tag="930" ind1=" " ind2=" ">
            <subfield code="5">341722103:110389093</subfield>
            <subfield code="b">341722103</subfield>
            <subfield code="d">p</subfield>
            <subfield code="a">159.96 LEC.S 4 O</subfield>
            <subfield code="j">u</subfield>
            <subfield code="2">CDU</subfield>
          </datafield>
          <datafield tag="992" ind1=" " ind2=" ">
            <subfield code="5">341722103:110389093</subfield>
            <subfield code="a">umlpss</subfield>
          </datafield>
          <datafield tag="999" ind1=" " ind2=" ">
            <subfield code="5">341722103:110389093</subfield>
            <subfield code="a">S 12155</subfield>
            <subfield code="b">341722103p</subfield>
            <subfield code="d">1</subfield>
            <subfield code="e">1</subfield>
            <subfield code="1">cdu-ml</subfield>
            <subfield code="c">159.96 LEC.S 4 O</subfield>
            <subfield code="x">341722103a/1618</subfield>
            <subfield code="u">mlpss</subfield>
            <subfield code="p">1427464</subfield>
            <subfield code="5">14.03.2000/342103/vil</subfield>
          </datafield>
          <datafield tag="930" ind1=" " ind2=" ">
            <subfield code="5">301892102:165580445</subfield>
            <subfield code="b">301892102</subfield>
            <subfield code="a">154.24 LEC</subfield>
            <subfield code="j">u</subfield>
          </datafield>
          <datafield tag="915" ind1=" " ind2=" ">
            <subfield code="5">514542102:112553141</subfield>
            <subfield code="a">L/LE995985</subfield>
          </datafield>
          <datafield tag="917" ind1=" " ind2=" ">
            <subfield code="5">514542102:112553141</subfield>
            <subfield code="a">aaxx</subfield>
          </datafield>
          <datafield tag="930" ind1=" " ind2=" ">
            <subfield code="5">514542102:112553141</subfield>
            <subfield code="b">514542102</subfield>
            <subfield code="e">FHRB</subfield>
            <subfield code="j">u</subfield>
          </datafield>
          <datafield tag="999" ind1=" " ind2=" ">
            <subfield code="5">514542102:112553141</subfield>
            <subfield code="z">L/LE995985</subfield>
          </datafield>
          <datafield tag="915" ind1=" " ind2=" ">
            <subfield code="5">352382103:128091819</subfield>
            <subfield code="a">C/477237</subfield>
          </datafield>
          <datafield tag="917" ind1=" " ind2=" ">
            <subfield code="5">352382103:128091819</subfield>
            <subfield code="a">aaxx</subfield>
          </datafield>
          <datafield tag="930" ind1=" " ind2=" ">
            <subfield code="5">352382103:128091819</subfield>
            <subfield code="b">352382103</subfield>
            <subfield code="e">FNRM</subfield>
            <subfield code="j">u</subfield>
          </datafield>
          <datafield tag="999" ind1=" " ind2=" ">
            <subfield code="5">352382103:128091819</subfield>
            <subfield code="z">C/477237</subfield>
          </datafield>
          <datafield tag="915" ind1=" " ind2=" ">
            <subfield code="5">352382212:143332880</subfield>
            <subfield code="a">0283443330</subfield>
            <subfield code="b">0283443330</subfield>
          </datafield>
          <datafield tag="917" ind1=" " ind2=" ">
            <subfield code="5">352382212:143332880</subfield>
            <subfield code="a">aaaa</subfield>
          </datafield>
          <datafield tag="930" ind1=" " ind2=" ">
            <subfield code="5">352382212:143332880</subfield>
            <subfield code="b">352382212</subfield>
            <subfield code="a">150.195 LEC</subfield>
            <subfield code="j">u</subfield>
          </datafield>
          <datafield tag="915" ind1=" " ind2=" ">
            <subfield code="5">764512101:17740874X</subfield>
            <subfield code="b">0021742503</subfield>
          </datafield>
          <datafield tag="930" ind1=" " ind2=" ">
            <subfield code="5">764512101:17740874X</subfield>
            <subfield code="b">764512101</subfield>
            <subfield code="a">S15580</subfield>
            <subfield code="j">u</subfield>
          </datafield>
          <datafield tag="915" ind1=" " ind2=" ">
            <subfield code="5">674821001:11255315X</subfield>
            <subfield code="a">M/B.172.204</subfield>
          </datafield>
          <datafield tag="917" ind1=" " ind2=" ">
            <subfield code="5">674821001:11255315X</subfield>
            <subfield code="a">aaxx</subfield>
          </datafield>
          <datafield tag="930" ind1=" " ind2=" ">
            <subfield code="5">674821001:11255315X</subfield>
            <subfield code="b">674821001</subfield>
            <subfield code="e">FBFP</subfield>
            <subfield code="j">u</subfield>
          </datafield>
          <datafield tag="999" ind1=" " ind2=" ">
            <subfield code="5">674821001:11255315X</subfield>
            <subfield code="z">M/B.172.204</subfield>
          </datafield>
          <datafield tag="915" ind1=" " ind2=" ">
            <subfield code="5">315552102:135222230</subfield>
            <subfield code="a">315552102a/</subfield>
            <subfield code="b">0TOL0337292</subfield>
          </datafield>
          <datafield tag="917" ind1=" " ind2=" ">
            <subfield code="5">315552102:135222230</subfield>
            <subfield code="a">aaxx</subfield>
          </datafield>
          <datafield tag="930" ind1=" " ind2=" ">
            <subfield code="5">315552102:135222230</subfield>
            <subfield code="b">315552102</subfield>
            <subfield code="d">p</subfield>
            <subfield code="a">150.195 LEC</subfield>
            <subfield code="j">u</subfield>
            <subfield code="2">dewey</subfield>
          </datafield>
          <datafield tag="992" ind1=" " ind2=" ">
            <subfield code="5">315552102:135222230</subfield>
            <subfield code="a">utlps</subfield>
          </datafield>
          <datafield tag="999" ind1=" " ind2=" ">
            <subfield code="5">315552102:135222230</subfield>
            <subfield code="a">D 35716</subfield>
            <subfield code="b">315552102p</subfield>
            <subfield code="d">1</subfield>
            <subfield code="e">1</subfield>
            <subfield code="1">dew-tl</subfield>
            <subfield code="c">150.195 LEC</subfield>
            <subfield code="x">315552102a</subfield>
            <subfield code="u">tlps</subfield>
            <subfield code="y">0TOL0337292</subfield>
            <subfield code="p">558740</subfield>
            <subfield code="5">08.12.2000/312102/maf</subfield>
          </datafield>
          <datafield tag="915" ind1=" " ind2=" ">
            <subfield code="5">372612102:129333182</subfield>
            <subfield code="a">S/S 12375</subfield>
          </datafield>
          <datafield tag="917" ind1=" " ind2=" ">
            <subfield code="5">372612102:129333182</subfield>
            <subfield code="a">aaxx</subfield>
          </datafield>
          <datafield tag="930" ind1=" " ind2=" ">
            <subfield code="5">372612102:129333182</subfield>
            <subfield code="b">372612102</subfield>
            <subfield code="e">SRTL</subfield>
            <subfield code="j">u</subfield>
          </datafield>
          <datafield tag="999" ind1=" " ind2=" ">
            <subfield code="5">372612102:129333182</subfield>
            <subfield code="z">S/S 12375</subfield>
          </datafield>
          <datafield tag="917" ind1=" " ind2=" ">
            <subfield code="5">920125201:13157552X</subfield>
            <subfield code="a">abxx</subfield>
          </datafield>
          <datafield tag="930" ind1=" " ind2=" ">
            <subfield code="5">920125201:13157552X</subfield>
            <subfield code="b">920125201</subfield>
            <subfield code="e">FDZP</subfield>
            <subfield code="j">i</subfield>
          </datafield>
          <datafield tag="915" ind1=" " ind2=" ">
            <subfield code="5">751052104:209635371</subfield>
            <subfield code="a">A/E 60319</subfield>
          </datafield>
          <datafield tag="930" ind1=" " ind2=" ">
            <subfield code="5">751052104:209635371</subfield>
            <subfield code="b">751052104</subfield>
            <subfield code="a">159.964 LEC 7</subfield>
            <subfield code="j">u</subfield>
          </datafield>
          <datafield tag="915" ind1=" " ind2=" ">
            <subfield code="5">930662101:110389107</subfield>
            <subfield code="a">930662101a/</subfield>
            <subfield code="b">025306640</subfield>
          </datafield>
          <datafield tag="917" ind1=" " ind2=" ">
            <subfield code="5">930662101:110389107</subfield>
            <subfield code="a">abxx</subfield>
          </datafield>
          <datafield tag="930" ind1=" " ind2=" ">
            <subfield code="5">930662101:110389107</subfield>
            <subfield code="b">930662101</subfield>
            <subfield code="d">sa</subfield>
            <subfield code="a">159.964 LEC</subfield>
            <subfield code="j">i</subfield>
            <subfield code="2">CDU</subfield>
          </datafield>
          <datafield tag="999" ind1=" " ind2=" ">
            <subfield code="5">930662101:110389107</subfield>
            <subfield code="a">C-LIP</subfield>
            <subfield code="b">930662101sa</subfield>
            <subfield code="d">2</subfield>
            <subfield code="e">1</subfield>
            <subfield code="1">cdu-pd</subfield>
            <subfield code="c">159.964 LEC</subfield>
            <subfield code="x">930662101a</subfield>
            <subfield code="y">025306640</subfield>
            <subfield code="5">06.03.2000/932101/lea</subfield>
          </datafield>
          <datafield tag="915" ind1=" " ind2=" ">
            <subfield code="5">920502102:135988403</subfield>
            <subfield code="a">920502102a/</subfield>
          </datafield>
          <datafield tag="917" ind1=" " ind2=" ">
            <subfield code="5">920502102:135988403</subfield>
            <subfield code="a">aaxx</subfield>
          </datafield>
          <datafield tag="930" ind1=" " ind2=" ">
            <subfield code="5">920502102:135988403</subfield>
            <subfield code="b">920502102</subfield>
            <subfield code="d">as</subfield>
            <subfield code="a">159.964 LEC</subfield>
            <subfield code="j">u</subfield>
            <subfield code="2">CDU</subfield>
          </datafield>
          <datafield tag="999" ind1=" " ind2=" ">
            <subfield code="5">920502102:135988403</subfield>
            <subfield code="a">SB 869</subfield>
            <subfield code="b">920502102as</subfield>
            <subfield code="d">1</subfield>
            <subfield code="e">1</subfield>
            <subfield code="1">cdu-pn</subfield>
            <subfield code="c">159.964 LEC</subfield>
            <subfield code="x">920502102a</subfield>
            <subfield code="5">22.02.2001/922102/mat</subfield>
          </datafield>
          <datafield tag="915" ind1=" " ind2=" ">
            <subfield code="5">920502102:135988411</subfield>
            <subfield code="a">920502102a/</subfield>
          </datafield>
          <datafield tag="917" ind1=" " ind2=" ">
            <subfield code="5">920502102:135988411</subfield>
            <subfield code="a">aaxx</subfield>
          </datafield>
          <datafield tag="930" ind1=" " ind2=" ">
            <subfield code="5">920502102:135988411</subfield>
            <subfield code="b">920502102</subfield>
            <subfield code="d">c</subfield>
            <subfield code="a">159.964 LEC</subfield>
            <subfield code="j">u</subfield>
            <subfield code="2">CDU</subfield>
          </datafield>
          <datafield tag="999" ind1=" " ind2=" ">
            <subfield code="5">920502102:135988411</subfield>
            <subfield code="a">SB 869</subfield>
            <subfield code="b">920502102c</subfield>
            <subfield code="d">1</subfield>
            <subfield code="e">1</subfield>
            <subfield code="1">cdu-pn</subfield>
            <subfield code="c">159.964 LEC</subfield>
            <subfield code="x">920502102a</subfield>
            <subfield code="5">22.02.2001/922102/mat</subfield>
          </datafield>
          <datafield tag="915" ind1=" " ind2=" ">
            <subfield code="5">930792101:110389115</subfield>
            <subfield code="a">930792101a</subfield>
          </datafield>
          <datafield tag="917" ind1=" " ind2=" ">
            <subfield code="5">930792101:110389115</subfield>
            <subfield code="a">aaxx</subfield>
          </datafield>
          <datafield tag="930" ind1=" " ind2=" ">
            <subfield code="5">930792101:110389115</subfield>
            <subfield code="b">930792101</subfield>
            <subfield code="d">bd</subfield>
            <subfield code="a">159.964 LEC</subfield>
            <subfield code="j">u</subfield>
            <subfield code="2">CDU</subfield>
          </datafield>
          <datafield tag="992" ind1=" " ind2=" ">
            <subfield code="5">930792101:110389115</subfield>
            <subfield code="a">upvpsy</subfield>
          </datafield>
          <datafield tag="999" ind1=" " ind2=" ">
            <subfield code="5">930792101:110389115</subfield>
            <subfield code="a">D 202888 P</subfield>
            <subfield code="b">930792101bd</subfield>
            <subfield code="d">1</subfield>
            <subfield code="e">1</subfield>
            <subfield code="1">cdu-pv</subfield>
            <subfield code="c">159.964 LEC</subfield>
            <subfield code="x">930792101a</subfield>
            <subfield code="u">pvpsy</subfield>
            <subfield code="p">LECOAVS99</subfield>
            <subfield code="5">03.04.2000/932199/nch</subfield>
          </datafield>
          <datafield tag="915" ind1=" " ind2=" ">
            <subfield code="5">930082101:131385127</subfield>
            <subfield code="a">930082101a</subfield>
          </datafield>
          <datafield tag="917" ind1=" " ind2=" ">
            <subfield code="5">930082101:131385127</subfield>
            <subfield code="a">aaxx</subfield>
          </datafield>
          <datafield tag="930" ind1=" " ind2=" ">
            <subfield code="5">930082101:131385127</subfield>
            <subfield code="b">930082101</subfield>
            <subfield code="d">nl</subfield>
            <subfield code="a">WM 460 LEC</subfield>
            <subfield code="j">u</subfield>
            <subfield code="2">nlm-pz</subfield>
          </datafield>
          <datafield tag="992" ind1=" " ind2=" ">
            <subfield code="5">930082101:131385127</subfield>
            <subfield code="a">upzpsy</subfield>
          </datafield>
          <datafield tag="999" ind1=" " ind2=" ">
            <subfield code="5">930082101:131385127</subfield>
            <subfield code="a">PZ 102687</subfield>
            <subfield code="b">930082101nl</subfield>
            <subfield code="d">1</subfield>
            <subfield code="e">1</subfield>
            <subfield code="1">nlm-pz</subfield>
            <subfield code="c">WM 460 LEC</subfield>
            <subfield code="x">930082101a</subfield>
            <subfield code="u">pzpsy</subfield>
            <subfield code="p">LECOAVS99</subfield>
            <subfield code="5">27.10.2000/932198/bsc</subfield>
          </datafield>
          <datafield tag="915" ind1=" " ind2=" ">
            <subfield code="5">751052105:113802986</subfield>
            <subfield code="a">751052105a/450007</subfield>
          </datafield>
          <datafield tag="917" ind1=" " ind2=" ">
            <subfield code="5">751052105:113802986</subfield>
            <subfield code="a">aaxx</subfield>
          </datafield>
          <datafield tag="930" ind1=" " ind2=" ">
            <subfield code="5">751052105:113802986</subfield>
            <subfield code="b">751052105</subfield>
            <subfield code="d">a</subfield>
            <subfield code="a">M 8= 7628</subfield>
            <subfield code="j">u</subfield>
          </datafield>
          <datafield tag="999" ind1=" " ind2=" ">
            <subfield code="5">751052105:113802986</subfield>
            <subfield code="a">M 8= 7628</subfield>
            <subfield code="b">751052105a</subfield>
            <subfield code="d">1</subfield>
            <subfield code="e">1</subfield>
            <subfield code="x">751052105a/450007</subfield>
            <subfield code="5">26.06.2000/752105/tra</subfield>
          </datafield>
          <datafield tag="915" ind1=" " ind2=" ">
            <subfield code="5">751052116:112147836</subfield>
            <subfield code="a">B10697771</subfield>
            <subfield code="b">9105495733</subfield>
          </datafield>
          <datafield tag="917" ind1=" " ind2=" ">
            <subfield code="5">751052116:112147836</subfield>
            <subfield code="a">aaxx</subfield>
          </datafield>
          <datafield tag="930" ind1=" " ind2=" ">
            <subfield code="5">751052116:112147836</subfield>
            <subfield code="b">751052116</subfield>
            <subfield code="a">8 R SUP 42842</subfield>
            <subfield code="j">u</subfield>
          </datafield>
          <datafield tag="999" ind1=" " ind2=" ">
            <subfield code="5">751052116:112147836</subfield>
            <subfield code="c">BU</subfield>
            <subfield code="d">BSG</subfield>
            <subfield code="a">8 R SUP 42842</subfield>
            <subfield code="v">9105495733</subfield>
            <subfield code="A">B10697771</subfield>
          </datafield>
          <datafield tag="915" ind1=" " ind2=" ">
            <subfield code="5">751052116:112147844</subfield>
            <subfield code="a">B10694052 (ex. 2)</subfield>
            <subfield code="b">9105470129</subfield>
          </datafield>
          <datafield tag="917" ind1=" " ind2=" ">
            <subfield code="5">751052116:112147844</subfield>
            <subfield code="a">aaxx</subfield>
          </datafield>
          <datafield tag="930" ind1=" " ind2=" ">
            <subfield code="5">751052116:112147844</subfield>
            <subfield code="b">751052116</subfield>
            <subfield code="a">USUEL 150.195 LEC</subfield>
            <subfield code="j">u</subfield>
            <subfield code="v">ex. 2</subfield>
          </datafield>
          <datafield tag="999" ind1=" " ind2=" ">
            <subfield code="5">751052116:112147844</subfield>
            <subfield code="c">BU</subfield>
            <subfield code="d">BSG</subfield>
            <subfield code="a">USUEL 150.195 LEC</subfield>
            <subfield code="b">ex. 2</subfield>
            <subfield code="v">9105470129</subfield>
            <subfield code="A">B10694052</subfield>
            <subfield code="B">ex. 2</subfield>
          </datafield>
          <datafield tag="915" ind1=" " ind2=" ">
            <subfield code="5">751052144:201832097</subfield>
            <subfield code="b">3350242790</subfield>
          </datafield>
          <datafield tag="930" ind1=" " ind2=" ">
            <subfield code="5">751052144:201832097</subfield>
            <subfield code="b">751052144</subfield>
            <subfield code="a">159.092 LEC oe</subfield>
            <subfield code="j">i</subfield>
          </datafield>
          <datafield tag="999" ind1=" " ind2=" ">
            <subfield code="5">751052144:201832097</subfield>
            <subfield code="a">EM</subfield>
            <subfield code="b">PSY3A</subfield>
          </datafield>
        </record>
      </recordData>
      <recordPosition>85</recordPosition>
    </record>