
    <record>
      <recordSchema>dc</recordSchema>
      <recordPacking>xml</recordPacking>
      <recordData>
        <record xsi:schemaLocation="http://www.loc.gov/MARC21/slim http://www.loc.gov/standards/marcxml/schema/MARC21slim.xsd" xmlns="http://www.loc.gov/MARC21/slim" xmlns:xsi="http://www.w3.org/2001/XMLSchema-instance">
          <leader>06678cam0 2201465   4500</leader>
          <controlfield tag="001">04826802X</controlfield>
          <controlfield tag="005">20040919203452.000</controlfield>
          <datafield tag="010" ind1=" " ind2=" ">
            <subfield code="a">2-912186-09-9</subfield>
            <subfield code="b">br.</subfield>
            <subfield code="d">150 F</subfield>
          </datafield>
          <datafield tag="020" ind1=" " ind2=" ">
            <subfield code="a">FR</subfield>
            <subfield code="b">00037873</subfield>
          </datafield>
          <datafield tag="021" ind1=" " ind2=" ">
            <subfield code="a">FR</subfield>
            <subfield code="b">DL 99-42764 (D1)</subfield>
          </datafield>
          <datafield tag="035" ind1=" " ind2=" ">
            <subfield code="a">ocm42863825</subfield>
          </datafield>
          <datafield tag="035" ind1=" " ind2=" ">
            <subfield code="a">frBN024943899</subfield>
          </datafield>
          <datafield tag="035" ind1=" " ind2=" ">
            <subfield code="a">sib1506306</subfield>
          </datafield>
          <datafield tag="035" ind1=" " ind2=" ">
            <subfield code="5">250562101</subfield>
            <subfield code="a">455099</subfield>
          </datafield>
          <datafield tag="100" ind1=" " ind2=" ">
            <subfield code="a">20000218d1999    k  y0frey0103    ba</subfield>
          </datafield>
          <datafield tag="101" ind1="0" ind2=" ">
            <subfield code="a">fre</subfield>
          </datafield>
          <datafield tag="102" ind1=" " ind2=" ">
            <subfield code="a">FR</subfield>
          </datafield>
          <datafield tag="105" ind1=" " ind2=" ">
            <subfield code="a">y   z   000yy</subfield>
          </datafield>
          <datafield tag="106" ind1=" " ind2=" ">
            <subfield code="a">r</subfield>
          </datafield>
          <datafield tag="200" ind1="1" ind2=" ">
            <subfield code="a">&lt;?char 136 ?&gt;Un &lt;?char 137 ?&gt;étrange itinéraire psychanalytique</subfield>
            <subfield code="b">Texte imprimé</subfield>
            <subfield code="e">"Oedipe Roi"</subfield>
            <subfield code="f">Cléopâtre Athanassiou-Popesco</subfield>
          </datafield>
          <datafield tag="210" ind1=" " ind2=" ">
            <subfield code="a">Larmor-Plage (56260)</subfield>
            <subfield code="c">Ed. du Hublot</subfield>
            <subfield code="d">1999</subfield>
          </datafield>
          <datafield tag="215" ind1=" " ind2=" ">
            <subfield code="a">253 p.</subfield>
            <subfield code="c">couv. ill.</subfield>
            <subfield code="d">24 cm</subfield>
          </datafield>
          <datafield tag="225" ind1="0" ind2=" ">
            <subfield code="a">Psychanalyse</subfield>
          </datafield>
          <datafield tag="225" ind1=" " ind2=" ">
            <subfield code="5">250562101</subfield>
            <subfield code="9">440</subfield>
            <subfield code="a">Collection psychanalyse</subfield>
          </datafield>
          <datafield tag="320" ind1=" " ind2=" ">
            <subfield code="a">Bibliogr., 2 p.</subfield>
          </datafield>
          <datafield tag="345" ind1=" " ind2=" ">
            <subfield code="b">9782912186096</subfield>
          </datafield>
          <datafield tag="410" ind1=" " ind2=" ">
            <subfield code="0">040606694</subfield>
            <subfield code="t">Collection Psychanalyse (Larmor-Plage)</subfield>
            <subfield code="x">1288-9679</subfield>
          </datafield>
          <datafield tag="600" ind1=" " ind2="1">
            <subfield code="3">027512312</subfield>
            <subfield code="a">Oedipe</subfield>
            <subfield code="3">027512312</subfield>
            <subfield code="c">mythologie grecque</subfield>
            <subfield code="2">rameau</subfield>
          </datafield>
          <datafield tag="606" ind1="1" ind2=" ">
            <subfield code="3">027230600</subfield>
            <subfield code="a">Complexe d'Oedipe</subfield>
            <subfield code="2">rameau</subfield>
          </datafield>
          <datafield tag="606" ind1="1" ind2=" ">
            <subfield code="3">027241556</subfield>
            <subfield code="a">Psychanalyse et littérature</subfield>
            <subfield code="2">rameau</subfield>
          </datafield>
          <datafield tag="606" ind1="1" ind2=" ">
            <subfield code="3">027240452</subfield>
            <subfield code="a">Mythe</subfield>
            <subfield code="2">rameau</subfield>
          </datafield>
          <datafield tag="675" ind1=" " ind2=" ">
            <subfield code="a">1</subfield>
            <subfield code="v">Éd. 1967</subfield>
          </datafield>
          <datafield tag="676" ind1=" " ind2=" ">
            <subfield code="a">150.195</subfield>
            <subfield code="v">21</subfield>
          </datafield>
          <datafield tag="676" ind1=" " ind2=" ">
            <subfield code="5">250562101</subfield>
            <subfield code="a">150</subfield>
            <subfield code="f">ATH</subfield>
          </datafield>
          <datafield tag="676" ind1=" " ind2=" ">
            <subfield code="5">250562101</subfield>
            <subfield code="a">150.195</subfield>
            <subfield code="f">ATH</subfield>
          </datafield>
          <datafield tag="680" ind1=" " ind2=" ">
            <subfield code="a">BF 175 .5 .O33</subfield>
          </datafield>
          <datafield tag="680" ind1=" " ind2=" ">
            <subfield code="5">250562101</subfield>
            <subfield code="a">BF 175 .5 .O33</subfield>
            <subfield code="f">ATH</subfield>
          </datafield>
          <datafield tag="700" ind1=" " ind2="1">
            <subfield code="3">026693909</subfield>
            <subfield code="a">Athanassiou-Popesco</subfield>
            <subfield code="b">Cléopâtre</subfield>
            <subfield code="4">070</subfield>
          </datafield>
          <datafield tag="801" ind1=" " ind2="3">
            <subfield code="a">FR</subfield>
            <subfield code="b">Abes</subfield>
            <subfield code="c">20040919</subfield>
            <subfield code="g">AFNOR</subfield>
          </datafield>
          <datafield tag="801" ind1=" " ind2="1">
            <subfield code="a">US</subfield>
            <subfield code="b">OCLC</subfield>
            <subfield code="c">20040919</subfield>
            <subfield code="g">AACR2</subfield>
          </datafield>
          <datafield tag="801" ind1=" " ind2="2">
            <subfield code="a">FR</subfield>
            <subfield code="b">AUROC</subfield>
            <subfield code="c">20040919</subfield>
            <subfield code="g">AFNOR</subfield>
          </datafield>
          <datafield tag="801" ind1=" " ind2="3">
            <subfield code="a">FR</subfield>
            <subfield code="b">BN</subfield>
            <subfield code="c">20040919</subfield>
            <subfield code="g">AFNOR</subfield>
          </datafield>
          <datafield tag="801" ind1=" " ind2="3">
            <subfield code="a">FR</subfield>
            <subfield code="b">SF</subfield>
            <subfield code="c">20040919</subfield>
            <subfield code="g">AFNOR</subfield>
          </datafield>
          <datafield tag="915" ind1=" " ind2=" ">
            <subfield code="5">250562101:126911487</subfield>
            <subfield code="b">1143752395</subfield>
          </datafield>
          <datafield tag="917" ind1=" " ind2=" ">
            <subfield code="5">250562101:126911487</subfield>
            <subfield code="a">aaxx</subfield>
          </datafield>
          <datafield tag="930" ind1=" " ind2=" ">
            <subfield code="5">250562101:126911487</subfield>
            <subfield code="b">250562101</subfield>
            <subfield code="a">448962</subfield>
            <subfield code="j">u</subfield>
          </datafield>
          <datafield tag="999" ind1=" " ind2=" ">
            <subfield code="5">250562101:126911487</subfield>
            <subfield code="c">BU</subfield>
            <subfield code="d">BESA01</subfield>
            <subfield code="a">448962</subfield>
            <subfield code="v">1143752395</subfield>
          </datafield>
          <datafield tag="915" ind1=" " ind2=" ">
            <subfield code="5">330632102:113790139</subfield>
            <subfield code="a">330632102a/</subfield>
          </datafield>
          <datafield tag="917" ind1=" " ind2=" ">
            <subfield code="5">330632102:113790139</subfield>
            <subfield code="a">aaxx</subfield>
          </datafield>
          <datafield tag="930" ind1=" " ind2=" ">
            <subfield code="5">330632102:113790139</subfield>
            <subfield code="b">330632102</subfield>
            <subfield code="d">p</subfield>
            <subfield code="a">150.195 ATH</subfield>
            <subfield code="j">u</subfield>
            <subfield code="2">dewey</subfield>
          </datafield>
          <datafield tag="999" ind1=" " ind2=" ">
            <subfield code="5">330632102:113790139</subfield>
            <subfield code="a">VB 25739</subfield>
            <subfield code="b">330632102p</subfield>
            <subfield code="d">1</subfield>
            <subfield code="e">1</subfield>
            <subfield code="1">dew-bv</subfield>
            <subfield code="c">150.195 ATH</subfield>
            <subfield code="x">330632102a</subfield>
            <subfield code="5">22.05.2000/332197/btf</subfield>
          </datafield>
          <datafield tag="917" ind1=" " ind2=" ">
            <subfield code="5">212312101:112166644</subfield>
            <subfield code="a">aaxx</subfield>
          </datafield>
          <datafield tag="930" ind1=" " ind2=" ">
            <subfield code="5">212312101:112166644</subfield>
            <subfield code="b">212312101</subfield>
            <subfield code="a">154/1742*BU/DL</subfield>
            <subfield code="j">u</subfield>
          </datafield>
          <datafield tag="999" ind1=" " ind2=" ">
            <subfield code="5">212312101:112166644</subfield>
            <subfield code="c">BU</subfield>
            <subfield code="d">DIJO01</subfield>
            <subfield code="a">154/1742*BU/DL</subfield>
          </datafield>
          <datafield tag="915" ind1=" " ind2=" ">
            <subfield code="5">384212101:202355853</subfield>
            <subfield code="a">S15419</subfield>
          </datafield>
          <datafield tag="930" ind1=" " ind2=" ">
            <subfield code="5">384212101:202355853</subfield>
            <subfield code="b">384212101</subfield>
            <subfield code="a">159.88 ATHA</subfield>
            <subfield code="j">u</subfield>
          </datafield>
          <datafield tag="915" ind1=" " ind2=" ">
            <subfield code="5">590092102:12872739X</subfield>
            <subfield code="a">P/347847</subfield>
          </datafield>
          <datafield tag="917" ind1=" " ind2=" ">
            <subfield code="5">590092102:12872739X</subfield>
            <subfield code="a">aaxx</subfield>
          </datafield>
          <datafield tag="930" ind1=" " ind2=" ">
            <subfield code="5">590092102:12872739X</subfield>
            <subfield code="b">590092102</subfield>
            <subfield code="e">FASS</subfield>
            <subfield code="j">u</subfield>
          </datafield>
          <datafield tag="999" ind1=" " ind2=" ">
            <subfield code="5">590092102:12872739X</subfield>
            <subfield code="z">P/347847</subfield>
          </datafield>
          <datafield tag="915" ind1=" " ind2=" ">
            <subfield code="5">690292101:112166652</subfield>
            <subfield code="b">341451</subfield>
          </datafield>
          <datafield tag="917" ind1=" " ind2=" ">
            <subfield code="5">690292101:112166652</subfield>
            <subfield code="a">aaxx</subfield>
          </datafield>
          <datafield tag="930" ind1=" " ind2=" ">
            <subfield code="5">690292101:112166652</subfield>
            <subfield code="b">690292101</subfield>
            <subfield code="j">u</subfield>
          </datafield>
          <datafield tag="999" ind1=" " ind2=" ">
            <subfield code="5">690292101:112166652</subfield>
            <subfield code="c">BU</subfield>
            <subfield code="d">LY0201</subfield>
            <subfield code="a">159.964.2 ATH</subfield>
            <subfield code="v">341451</subfield>
          </datafield>
          <datafield tag="915" ind1=" " ind2=" ">
            <subfield code="5">574632105:172612853</subfield>
            <subfield code="a">33180L</subfield>
            <subfield code="b">0314621881</subfield>
          </datafield>
          <datafield tag="930" ind1=" " ind2=" ">
            <subfield code="5">574632105:172612853</subfield>
            <subfield code="b">574632105</subfield>
            <subfield code="c">L</subfield>
            <subfield code="d">SH</subfield>
            <subfield code="a">150.195 ATH</subfield>
            <subfield code="j">u</subfield>
          </datafield>
          <datafield tag="992" ind1=" " ind2=" ">
            <subfield code="5">574632105:172612853</subfield>
            <subfield code="a">150.195</subfield>
          </datafield>
          <datafield tag="915" ind1=" " ind2=" ">
            <subfield code="5">341722103:110267184</subfield>
            <subfield code="a">341722103a/2832</subfield>
          </datafield>
          <datafield tag="917" ind1=" " ind2=" ">
            <subfield code="5">341722103:110267184</subfield>
            <subfield code="a">aaxx</subfield>
          </datafield>
          <datafield tag="930" ind1=" " ind2=" ">
            <subfield code="5">341722103:110267184</subfield>
            <subfield code="b">341722103</subfield>
            <subfield code="d">p</subfield>
            <subfield code="a">159.96 ATH</subfield>
            <subfield code="j">u</subfield>
            <subfield code="2">CDU</subfield>
          </datafield>
          <datafield tag="992" ind1=" " ind2=" ">
            <subfield code="5">341722103:110267184</subfield>
            <subfield code="a">umlpss</subfield>
          </datafield>
          <datafield tag="999" ind1=" " ind2=" ">
            <subfield code="5">341722103:110267184</subfield>
            <subfield code="a">S 12150</subfield>
            <subfield code="b">341722103p</subfield>
            <subfield code="d">1</subfield>
            <subfield code="e">1</subfield>
            <subfield code="1">cdu-ml</subfield>
            <subfield code="c">159.96 ATH</subfield>
            <subfield code="x">341722103a/2832</subfield>
            <subfield code="u">mlpss</subfield>
            <subfield code="u">mllit</subfield>
            <subfield code="p">1430714</subfield>
            <subfield code="5">14.03.2000/342103/vil</subfield>
          </datafield>
          <datafield tag="930" ind1=" " ind2=" ">
            <subfield code="5">301892102:15176302X</subfield>
            <subfield code="b">301892102</subfield>
            <subfield code="a">150.1 ATH</subfield>
            <subfield code="j">u</subfield>
          </datafield>
          <datafield tag="915" ind1=" " ind2=" ">
            <subfield code="5">682242101:150486812</subfield>
            <subfield code="a">T/54005</subfield>
            <subfield code="b">0341185676</subfield>
          </datafield>
          <datafield tag="930" ind1=" " ind2=" ">
            <subfield code="5">682242101:150486812</subfield>
            <subfield code="b">682242101</subfield>
            <subfield code="a">82.09 ATH</subfield>
            <subfield code="j">u</subfield>
          </datafield>
          <datafield tag="915" ind1=" " ind2=" ">
            <subfield code="5">441092102:184704170</subfield>
            <subfield code="b">0084264415</subfield>
          </datafield>
          <datafield tag="930" ind1=" " ind2=" ">
            <subfield code="5">441092102:184704170</subfield>
            <subfield code="b">441092102</subfield>
            <subfield code="a">150.195 ATH</subfield>
            <subfield code="j">u</subfield>
          </datafield>
          <datafield tag="915" ind1=" " ind2=" ">
            <subfield code="5">060882104:112757340</subfield>
            <subfield code="a">99346-26-A</subfield>
            <subfield code="b">0922057018</subfield>
          </datafield>
          <datafield tag="917" ind1=" " ind2=" ">
            <subfield code="5">060882104:112757340</subfield>
            <subfield code="a">aaac</subfield>
          </datafield>
          <datafield tag="930" ind1=" " ind2=" ">
            <subfield code="5">060882104:112757340</subfield>
            <subfield code="b">060882104</subfield>
            <subfield code="c">BU-LET</subfield>
            <subfield code="d">SL1</subfield>
            <subfield code="a">BF 175 .5 .O33 ATH</subfield>
            <subfield code="j">u</subfield>
          </datafield>
          <datafield tag="915" ind1=" " ind2=" ">
            <subfield code="5">060882105:208241736</subfield>
            <subfield code="a">99346-26-B</subfield>
            <subfield code="b">0940006604</subfield>
          </datafield>
          <datafield tag="917" ind1=" " ind2=" ">
            <subfield code="5">060882105:208241736</subfield>
            <subfield code="a">aaac</subfield>
          </datafield>
          <datafield tag="930" ind1=" " ind2=" ">
            <subfield code="5">060882105:208241736</subfield>
            <subfield code="b">060882105</subfield>
            <subfield code="c">BU-STJ</subfield>
            <subfield code="d">PSYCHO</subfield>
            <subfield code="a">BF 175 .5 .O33 ATH</subfield>
            <subfield code="j">u</subfield>
          </datafield>
          <datafield tag="915" ind1=" " ind2=" ">
            <subfield code="5">661362102:110267192</subfield>
            <subfield code="a">661362103af/</subfield>
          </datafield>
          <datafield tag="917" ind1=" " ind2=" ">
            <subfield code="5">661362102:110267192</subfield>
            <subfield code="a">aaxx</subfield>
          </datafield>
          <datafield tag="930" ind1=" " ind2=" ">
            <subfield code="5">661362102:110267192</subfield>
            <subfield code="b">661362102</subfield>
            <subfield code="d">lk</subfield>
            <subfield code="a">159.95 ATH</subfield>
            <subfield code="j">u</subfield>
            <subfield code="2">CDU</subfield>
          </datafield>
          <datafield tag="999" ind1=" " ind2=" ">
            <subfield code="5">661362102:110267192</subfield>
            <subfield code="a">L 117195</subfield>
            <subfield code="b">661362103lk</subfield>
            <subfield code="d">1</subfield>
            <subfield code="e">1</subfield>
            <subfield code="1">cdu-rp</subfield>
            <subfield code="c">159.95 ATH</subfield>
            <subfield code="x">661362103af</subfield>
            <subfield code="p">0PEL0117195</subfield>
            <subfield code="5">18.02.2000/662103/mxg</subfield>
          </datafield>
          <datafield tag="930" ind1=" " ind2=" ">
            <subfield code="5">861942101:182852296</subfield>
            <subfield code="b">861942101</subfield>
            <subfield code="c">Magasins</subfield>
            <subfield code="a">F 139848</subfield>
            <subfield code="j">u</subfield>
          </datafield>
          <datafield tag="915" ind1=" " ind2=" ">
            <subfield code="5">352382212:14291858X</subfield>
            <subfield code="a">0283448427</subfield>
            <subfield code="b">0283448427</subfield>
          </datafield>
          <datafield tag="917" ind1=" " ind2=" ">
            <subfield code="5">352382212:14291858X</subfield>
            <subfield code="a">aaaa</subfield>
          </datafield>
          <datafield tag="930" ind1=" " ind2=" ">
            <subfield code="5">352382212:14291858X</subfield>
            <subfield code="b">352382212</subfield>
            <subfield code="a">150.195 ATH</subfield>
            <subfield code="j">u</subfield>
          </datafield>
          <datafield tag="915" ind1=" " ind2=" ">
            <subfield code="5">674821001:112757359</subfield>
            <subfield code="a">M/B.172.305</subfield>
          </datafield>
          <datafield tag="917" ind1=" " ind2=" ">
            <subfield code="5">674821001:112757359</subfield>
            <subfield code="a">aaxx</subfield>
          </datafield>
          <datafield tag="930" ind1=" " ind2=" ">
            <subfield code="5">674821001:112757359</subfield>
            <subfield code="b">674821001</subfield>
            <subfield code="e">FBFP</subfield>
            <subfield code="j">u</subfield>
          </datafield>
          <datafield tag="999" ind1=" " ind2=" ">
            <subfield code="5">674821001:112757359</subfield>
            <subfield code="z">M/B.172.305</subfield>
          </datafield>
          <datafield tag="915" ind1=" " ind2=" ">
            <subfield code="5">751052219:113790163</subfield>
            <subfield code="a">751052219a/26505</subfield>
          </datafield>
          <datafield tag="917" ind1=" " ind2=" ">
            <subfield code="5">751052219:113790163</subfield>
            <subfield code="a">aaxx</subfield>
          </datafield>
          <datafield tag="930" ind1=" " ind2=" ">
            <subfield code="5">751052219:113790163</subfield>
            <subfield code="b">751052219</subfield>
            <subfield code="d">ma</subfield>
            <subfield code="a">HM 1075</subfield>
            <subfield code="j">u</subfield>
          </datafield>
          <datafield tag="995" ind1=" " ind2=" ">
            <subfield code="5">751052219:113790163</subfield>
            <subfield code="a">sf-ph-l</subfield>
          </datafield>
          <datafield tag="999" ind1=" " ind2=" ">
            <subfield code="5">751052219:113790163</subfield>
            <subfield code="a">HM 1075</subfield>
            <subfield code="b">751052219ma</subfield>
            <subfield code="d">1</subfield>
            <subfield code="e">1</subfield>
            <subfield code="x">751052219a/26505</subfield>
            <subfield code="z">sf-ph-l</subfield>
            <subfield code="5">12.05.2000/752102/she</subfield>
          </datafield>
          <datafield tag="917" ind1=" " ind2=" ">
            <subfield code="5">920125201:128081376</subfield>
            <subfield code="a">abxx</subfield>
          </datafield>
          <datafield tag="930" ind1=" " ind2=" ">
            <subfield code="5">920125201:128081376</subfield>
            <subfield code="b">920125201</subfield>
            <subfield code="e">FDZP</subfield>
            <subfield code="j">i</subfield>
          </datafield>
          <datafield tag="915" ind1=" " ind2=" ">
            <subfield code="5">930662101:113790147</subfield>
            <subfield code="a">930662101a/</subfield>
            <subfield code="b">025317677</subfield>
          </datafield>
          <datafield tag="917" ind1=" " ind2=" ">
            <subfield code="5">930662101:113790147</subfield>
            <subfield code="a">abxx</subfield>
          </datafield>
          <datafield tag="930" ind1=" " ind2=" ">
            <subfield code="5">930662101:113790147</subfield>
            <subfield code="b">930662101</subfield>
            <subfield code="d">sa</subfield>
            <subfield code="a">159.964.27 ATH</subfield>
            <subfield code="j">i</subfield>
            <subfield code="2">CDU</subfield>
          </datafield>
          <datafield tag="999" ind1=" " ind2=" ">
            <subfield code="5">930662101:113790147</subfield>
            <subfield code="a">C-LIP</subfield>
            <subfield code="b">930662101sa</subfield>
            <subfield code="d">1</subfield>
            <subfield code="e">1</subfield>
            <subfield code="1">cdu-pd</subfield>
            <subfield code="c">159.964.27 ATH</subfield>
            <subfield code="x">930662101a</subfield>
            <subfield code="y">025317677</subfield>
            <subfield code="5">19.07.2000/932101/lea</subfield>
          </datafield>
          <datafield tag="915" ind1=" " ind2=" ">
            <subfield code="5">930662101:113790155</subfield>
            <subfield code="a">930662101a/</subfield>
          </datafield>
          <datafield tag="917" ind1=" " ind2=" ">
            <subfield code="5">930662101:113790155</subfield>
            <subfield code="a">abxx</subfield>
          </datafield>
          <datafield tag="930" ind1=" " ind2=" ">
            <subfield code="5">930662101:113790155</subfield>
            <subfield code="b">930662101</subfield>
            <subfield code="d">sa</subfield>
            <subfield code="a">159.964.27 ATH</subfield>
            <subfield code="j">i</subfield>
            <subfield code="2">CDU</subfield>
          </datafield>
          <datafield tag="999" ind1=" " ind2=" ">
            <subfield code="5">930662101:113790155</subfield>
            <subfield code="a">C-LEX</subfield>
            <subfield code="b">930662101sa</subfield>
            <subfield code="d">1</subfield>
            <subfield code="e">1</subfield>
            <subfield code="1">cdu-pd</subfield>
            <subfield code="c">159.964.27 ATH</subfield>
            <subfield code="x">930662101a</subfield>
            <subfield code="5">19.07.2000/932101/lea</subfield>
          </datafield>
          <datafield tag="915" ind1=" " ind2=" ">
            <subfield code="5">920502102:135987466</subfield>
            <subfield code="a">920502102a/</subfield>
          </datafield>
          <datafield tag="917" ind1=" " ind2=" ">
            <subfield code="5">920502102:135987466</subfield>
            <subfield code="a">aaxx</subfield>
          </datafield>
          <datafield tag="930" ind1=" " ind2=" ">
            <subfield code="5">920502102:135987466</subfield>
            <subfield code="b">920502102</subfield>
            <subfield code="d">as</subfield>
            <subfield code="a">159.964 ATH</subfield>
            <subfield code="j">u</subfield>
            <subfield code="2">CDU</subfield>
          </datafield>
          <datafield tag="999" ind1=" " ind2=" ">
            <subfield code="5">920502102:135987466</subfield>
            <subfield code="a">SB 840</subfield>
            <subfield code="b">920502102as</subfield>
            <subfield code="d">1</subfield>
            <subfield code="e">1</subfield>
            <subfield code="1">cdu-pn</subfield>
            <subfield code="c">159.964 ATH</subfield>
            <subfield code="x">920502102a</subfield>
            <subfield code="5">20.02.2001/922102/mat</subfield>
          </datafield>
          <datafield tag="915" ind1=" " ind2=" ">
            <subfield code="5">920502102:135987474</subfield>
            <subfield code="a">920502102a/</subfield>
          </datafield>
          <datafield tag="917" ind1=" " ind2=" ">
            <subfield code="5">920502102:135987474</subfield>
            <subfield code="a">aaxx</subfield>
          </datafield>
          <datafield tag="930" ind1=" " ind2=" ">
            <subfield code="5">920502102:135987474</subfield>
            <subfield code="b">920502102</subfield>
            <subfield code="d">c</subfield>
            <subfield code="a">159.964 ATH</subfield>
            <subfield code="j">u</subfield>
            <subfield code="2">CDU</subfield>
          </datafield>
          <datafield tag="999" ind1=" " ind2=" ">
            <subfield code="5">920502102:135987474</subfield>
            <subfield code="a">SB 840</subfield>
            <subfield code="b">920502102c</subfield>
            <subfield code="d">1</subfield>
            <subfield code="e">1</subfield>
            <subfield code="1">cdu-pn</subfield>
            <subfield code="c">159.964 ATH</subfield>
            <subfield code="x">920502102a</subfield>
            <subfield code="5">20.02.2001/922102/mat</subfield>
          </datafield>
          <datafield tag="915" ind1=" " ind2=" ">
            <subfield code="5">751052116:112166660</subfield>
            <subfield code="a">B10695572</subfield>
            <subfield code="b">9105479801</subfield>
          </datafield>
          <datafield tag="917" ind1=" " ind2=" ">
            <subfield code="5">751052116:112166660</subfield>
            <subfield code="a">aaxx</subfield>
          </datafield>
          <datafield tag="930" ind1=" " ind2=" ">
            <subfield code="5">751052116:112166660</subfield>
            <subfield code="b">751052116</subfield>
            <subfield code="a">8 R SUP 42695</subfield>
            <subfield code="j">u</subfield>
          </datafield>
          <datafield tag="999" ind1=" " ind2=" ">
            <subfield code="5">751052116:112166660</subfield>
            <subfield code="c">BU</subfield>
            <subfield code="d">BSG</subfield>
            <subfield code="a">8 R SUP 42695</subfield>
            <subfield code="v">9105479801</subfield>
            <subfield code="A">B10695572</subfield>
          </datafield>
          <datafield tag="915" ind1=" " ind2=" ">
            <subfield code="5">751052144:196129915</subfield>
            <subfield code="b">3350188470</subfield>
          </datafield>
          <datafield tag="930" ind1=" " ind2=" ">
            <subfield code="5">751052144:196129915</subfield>
            <subfield code="b">751052144</subfield>
            <subfield code="a">159.88 ATH</subfield>
            <subfield code="j">i</subfield>
          </datafield>
          <datafield tag="999" ind1=" " ind2=" ">
            <subfield code="5">751052144:196129915</subfield>
            <subfield code="a">EM</subfield>
            <subfield code="b">PSY3A</subfield>
          </datafield>
        </record>
      </recordData>
      <recordPosition>86</recordPosition>
    </record>