
    <record>
      <recordSchema>dc</recordSchema>
      <recordPacking>xml</recordPacking>
      <recordData>
        <record xsi:schemaLocation="http://www.loc.gov/MARC21/slim http://www.loc.gov/standards/marcxml/schema/MARC21slim.xsd" xmlns="http://www.loc.gov/MARC21/slim" xmlns:xsi="http://www.w3.org/2001/XMLSchema-instance">
          <leader>08411cam0 2201873   4500</leader>
          <controlfield tag="001">047879904</controlfield>
          <controlfield tag="005">20060109114451.000</controlfield>
          <datafield tag="010" ind1=" " ind2=" ">
            <subfield code="a">2-86260-948-X</subfield>
            <subfield code="b">br.</subfield>
            <subfield code="d">98 F</subfield>
          </datafield>
          <datafield tag="020" ind1=" " ind2=" ">
            <subfield code="a">FR</subfield>
            <subfield code="b">00027374</subfield>
          </datafield>
          <datafield tag="021" ind1=" " ind2=" ">
            <subfield code="a">FR</subfield>
            <subfield code="b">DL 99-40710 (D4)</subfield>
          </datafield>
          <datafield tag="021" ind1=" " ind2=" ">
            <subfield code="a">FR</subfield>
            <subfield code="b">D.L. 1999 (ASP)</subfield>
          </datafield>
          <datafield tag="035" ind1=" " ind2=" ">
            <subfield code="a">sib1464693</subfield>
          </datafield>
          <datafield tag="035" ind1=" " ind2=" ">
            <subfield code="a">lm139328</subfield>
          </datafield>
          <datafield tag="035" ind1=" " ind2=" ">
            <subfield code="a">urouen198952</subfield>
          </datafield>
          <datafield tag="035" ind1=" " ind2=" ">
            <subfield code="a">ocm42650916</subfield>
          </datafield>
          <datafield tag="035" ind1=" " ind2=" ">
            <subfield code="a">DYNIX-BUNAN-435017</subfield>
          </datafield>
          <datafield tag="035" ind1=" " ind2=" ">
            <subfield code="a">bua84690</subfield>
          </datafield>
          <datafield tag="035" ind1=" " ind2=" ">
            <subfield code="a">elec9922000229</subfield>
          </datafield>
          <datafield tag="035" ind1=" " ind2=" ">
            <subfield code="a">frBN02489522X</subfield>
          </datafield>
          <datafield tag="035" ind1=" " ind2=" ">
            <subfield code="5">130012101</subfield>
            <subfield code="a">DYNIX-BUANG-282088</subfield>
          </datafield>
          <datafield tag="100" ind1=" " ind2=" ">
            <subfield code="a">19991119d1999    ||||0frey0103    ba</subfield>
          </datafield>
          <datafield tag="101" ind1="0" ind2=" ">
            <subfield code="a">fre</subfield>
          </datafield>
          <datafield tag="102" ind1=" " ind2=" ">
            <subfield code="a">FR</subfield>
          </datafield>
          <datafield tag="105" ind1=" " ind2=" ">
            <subfield code="a">y   |||||||||</subfield>
          </datafield>
          <datafield tag="200" ind1="1" ind2=" ">
            <subfield code="a">Oedipe</subfield>
            <subfield code="b">Texte imprimé</subfield>
            <subfield code="f">dir. par Christian Biet</subfield>
            <subfield code="g">le suivi éditorial de cet ouvrage a été assuré par Chiara Monti</subfield>
          </datafield>
          <datafield tag="210" ind1=" " ind2=" ">
            <subfield code="a">Paris</subfield>
            <subfield code="c">Autrement</subfield>
            <subfield code="d">1999</subfield>
          </datafield>
          <datafield tag="215" ind1=" " ind2=" ">
            <subfield code="a">1 vol. (142 p.)</subfield>
            <subfield code="d">22 cm</subfield>
          </datafield>
          <datafield tag="225" ind1="1" ind2=" ">
            <subfield code="a">Figures mythiques</subfield>
            <subfield code="x">1269-9241</subfield>
          </datafield>
          <datafield tag="301" ind1=" " ind2=" ">
            <subfield code="a">TZT</subfield>
          </datafield>
          <datafield tag="320" ind1=" " ind2=" ">
            <subfield code="a">Bibliogr. p. 139-140</subfield>
          </datafield>
          <datafield tag="345" ind1=" " ind2=" ">
            <subfield code="b">9782862609485</subfield>
          </datafield>
          <datafield tag="410" ind1=" " ind2=" ">
            <subfield code="0">013570927</subfield>
            <subfield code="t">Figures mythiques (Paris)</subfield>
            <subfield code="x">1269-9241</subfield>
          </datafield>
          <datafield tag="600" ind1=" " ind2="0">
            <subfield code="3">027512312</subfield>
            <subfield code="a">Oedipe</subfield>
            <subfield code="3">027512312</subfield>
            <subfield code="c">mythologie grecque</subfield>
            <subfield code="2">rameau</subfield>
          </datafield>
          <datafield tag="606" ind1="1" ind2=" ">
            <subfield code="3">027328104</subfield>
            <subfield code="a">Mythologie grecque</subfield>
            <subfield code="2">rameau</subfield>
          </datafield>
          <datafield tag="606" ind1="1" ind2=" ">
            <subfield code="3">027230600</subfield>
            <subfield code="a">Complexe d'Oedipe</subfield>
            <subfield code="2">rameau</subfield>
          </datafield>
          <datafield tag="675" ind1=" " ind2=" ">
            <subfield code="a">824</subfield>
            <subfield code="v">Éd. 1967</subfield>
          </datafield>
          <datafield tag="676" ind1=" " ind2=" ">
            <subfield code="a">800</subfield>
          </datafield>
          <datafield tag="680" ind1=" " ind2=" ">
            <subfield code="5">130012101</subfield>
            <subfield code="a">BL325.O4</subfield>
          </datafield>
          <datafield tag="702" ind1=" " ind2="1">
            <subfield code="3">026728168</subfield>
            <subfield code="a">Biet</subfield>
            <subfield code="b">Christian</subfield>
            <subfield code="4">651</subfield>
          </datafield>
          <datafield tag="702" ind1=" " ind2="1">
            <subfield code="3">03567993X</subfield>
            <subfield code="a">Monti</subfield>
            <subfield code="b">Chiara</subfield>
            <subfield code="f">1969-....</subfield>
            <subfield code="4">340</subfield>
          </datafield>
          <datafield tag="801" ind1=" " ind2="3">
            <subfield code="a">FR</subfield>
            <subfield code="b">Abes</subfield>
            <subfield code="c">20060109</subfield>
            <subfield code="g">AFNOR</subfield>
          </datafield>
          <datafield tag="801" ind1=" " ind2="3">
            <subfield code="a">FR</subfield>
            <subfield code="b">SF</subfield>
            <subfield code="c">20060109</subfield>
            <subfield code="g">AFNOR</subfield>
          </datafield>
          <datafield tag="801" ind1=" " ind2="1">
            <subfield code="a">US</subfield>
            <subfield code="b">OCLC</subfield>
            <subfield code="c">20060109</subfield>
            <subfield code="g">AACR2</subfield>
          </datafield>
          <datafield tag="801" ind1=" " ind2="2">
            <subfield code="a">FR</subfield>
            <subfield code="b">AUROC</subfield>
            <subfield code="c">20060109</subfield>
            <subfield code="g">AFNOR</subfield>
          </datafield>
          <datafield tag="801" ind1=" " ind2="3">
            <subfield code="a">FR</subfield>
            <subfield code="b">BN</subfield>
            <subfield code="c">20060109</subfield>
            <subfield code="g">AFNOR</subfield>
          </datafield>
          <datafield tag="801" ind1=" " ind2="3">
            <subfield code="a">FR</subfield>
            <subfield code="b">Electre</subfield>
            <subfield code="c">19990812</subfield>
            <subfield code="g">AFNOR</subfield>
          </datafield>
          <datafield tag="915" ind1=" " ind2=" ">
            <subfield code="5">130012101:113741294</subfield>
            <subfield code="a">130012101/a</subfield>
          </datafield>
          <datafield tag="917" ind1=" " ind2=" ">
            <subfield code="5">130012101:113741294</subfield>
            <subfield code="a">aaxx</subfield>
          </datafield>
          <datafield tag="930" ind1=" " ind2=" ">
            <subfield code="5">130012101:113741294</subfield>
            <subfield code="b">130012101</subfield>
            <subfield code="d">i</subfield>
            <subfield code="a">809.935 BIE</subfield>
            <subfield code="j">u</subfield>
            <subfield code="2">dewey</subfield>
          </datafield>
          <datafield tag="992" ind1=" " ind2=" ">
            <subfield code="5">130012101:113741294</subfield>
            <subfield code="a">uallcl</subfield>
          </datafield>
          <datafield tag="999" ind1=" " ind2=" ">
            <subfield code="5">130012101:113741294</subfield>
            <subfield code="a">XA 7687</subfield>
            <subfield code="b">130012101i</subfield>
            <subfield code="d">1</subfield>
            <subfield code="e">1</subfield>
            <subfield code="1">dew-al</subfield>
            <subfield code="c">809.935 BIE</subfield>
            <subfield code="x">130012101/a</subfield>
            <subfield code="u">allcl</subfield>
            <subfield code="p">495688</subfield>
            <subfield code="5">27.04.2000/132101/rol</subfield>
          </datafield>
          <datafield tag="930" ind1=" " ind2=" ">
            <subfield code="5">490072106:203117328</subfield>
            <subfield code="b">490072106</subfield>
            <subfield code="a">80 020 OED 094204</subfield>
            <subfield code="j">s</subfield>
          </datafield>
          <datafield tag="930" ind1=" " ind2=" ">
            <subfield code="5">620412103:194500136</subfield>
            <subfield code="b">620412103</subfield>
            <subfield code="c">Fonds général</subfield>
            <subfield code="d">Libre accès</subfield>
            <subfield code="a">809.935 BIE</subfield>
            <subfield code="j">u</subfield>
          </datafield>
          <datafield tag="915" ind1=" " ind2=" ">
            <subfield code="5">335222103:110005910</subfield>
            <subfield code="a">335222103a/389183</subfield>
          </datafield>
          <datafield tag="917" ind1=" " ind2=" ">
            <subfield code="5">335222103:110005910</subfield>
            <subfield code="a">aaxx</subfield>
          </datafield>
          <datafield tag="930" ind1=" " ind2=" ">
            <subfield code="5">335222103:110005910</subfield>
            <subfield code="b">335222103</subfield>
            <subfield code="d">g</subfield>
            <subfield code="a">XD 15433</subfield>
            <subfield code="j">u</subfield>
          </datafield>
          <datafield tag="999" ind1=" " ind2=" ">
            <subfield code="5">335222103:110005910</subfield>
            <subfield code="a">XD 15433</subfield>
            <subfield code="b">335222103g</subfield>
            <subfield code="d">1</subfield>
            <subfield code="e">1</subfield>
            <subfield code="x">335222103a/389183</subfield>
            <subfield code="5">29.03.2000/332103/sf</subfield>
          </datafield>
          <datafield tag="915" ind1=" " ind2=" ">
            <subfield code="5">290192101:112753221</subfield>
            <subfield code="a">K/1839630</subfield>
          </datafield>
          <datafield tag="917" ind1=" " ind2=" ">
            <subfield code="5">290192101:112753221</subfield>
            <subfield code="a">aaxx</subfield>
          </datafield>
          <datafield tag="930" ind1=" " ind2=" ">
            <subfield code="5">290192101:112753221</subfield>
            <subfield code="b">290192101</subfield>
            <subfield code="e">BRUL</subfield>
            <subfield code="a">809.93 BIE</subfield>
            <subfield code="j">u</subfield>
          </datafield>
          <datafield tag="999" ind1=" " ind2=" ">
            <subfield code="5">290192101:112753221</subfield>
            <subfield code="z">K/1839630</subfield>
          </datafield>
          <datafield tag="930" ind1=" " ind2=" ">
            <subfield code="5">951272104:208983686</subfield>
            <subfield code="b">951272104</subfield>
            <subfield code="j">u</subfield>
          </datafield>
          <datafield tag="991" ind1=" " ind2=" ">
            <subfield code="5">951272104:208983686</subfield>
            <subfield code="a">Exemplaire créé automatiquement par l'ABES</subfield>
          </datafield>
          <datafield tag="915" ind1=" " ind2=" ">
            <subfield code="5">731372101:17040742X</subfield>
            <subfield code="a">N L23125</subfield>
            <subfield code="b">0321945485</subfield>
          </datafield>
          <datafield tag="930" ind1=" " ind2=" ">
            <subfield code="5">731372101:17040742X</subfield>
            <subfield code="b">731372101</subfield>
            <subfield code="a">150.19 oed</subfield>
            <subfield code="j">u</subfield>
          </datafield>
          <datafield tag="999" ind1=" " ind2=" ">
            <subfield code="5">731372101:17040742X</subfield>
            <subfield code="a">LIV</subfield>
            <subfield code="b">LIVLA</subfield>
          </datafield>
          <datafield tag="917" ind1=" " ind2=" ">
            <subfield code="5">212312101:112147038</subfield>
            <subfield code="a">aaxx</subfield>
          </datafield>
          <datafield tag="930" ind1=" " ind2=" ">
            <subfield code="5">212312101:112147038</subfield>
            <subfield code="b">212312101</subfield>
            <subfield code="a">155/1432*BU/DL</subfield>
            <subfield code="j">u</subfield>
          </datafield>
          <datafield tag="999" ind1=" " ind2=" ">
            <subfield code="5">212312101:112147038</subfield>
            <subfield code="c">BU</subfield>
            <subfield code="d">DIJO01</subfield>
            <subfield code="a">155/1432*BU/DL</subfield>
          </datafield>
          <datafield tag="915" ind1=" " ind2=" ">
            <subfield code="5">721812108:115035516</subfield>
            <subfield code="a">A086186</subfield>
          </datafield>
          <datafield tag="917" ind1=" " ind2=" ">
            <subfield code="5">721812108:115035516</subfield>
            <subfield code="a">aaxx</subfield>
          </datafield>
          <datafield tag="930" ind1=" " ind2=" ">
            <subfield code="5">721812108:115035516</subfield>
            <subfield code="b">721812108</subfield>
            <subfield code="a">154.24 OED</subfield>
            <subfield code="j">u</subfield>
          </datafield>
          <datafield tag="915" ind1=" " ind2=" ">
            <subfield code="5">590092208:188604065</subfield>
            <subfield code="a">9674</subfield>
            <subfield code="b">AMS0009674</subfield>
          </datafield>
          <datafield tag="917" ind1=" " ind2=" ">
            <subfield code="5">590092208:188604065</subfield>
            <subfield code="a">cabc</subfield>
          </datafield>
          <datafield tag="930" ind1=" " ind2=" ">
            <subfield code="5">590092208:188604065</subfield>
            <subfield code="b">590092208</subfield>
            <subfield code="a">9674</subfield>
            <subfield code="j">s</subfield>
          </datafield>
          <datafield tag="999" ind1=" " ind2=" ">
            <subfield code="5">590092208:188604065</subfield>
            <subfield code="a">4EXC</subfield>
            <subfield code="b">4FC</subfield>
          </datafield>
          <datafield tag="915" ind1=" " ind2=" ">
            <subfield code="5">590092101:188604073</subfield>
            <subfield code="a">XA 25420</subfield>
            <subfield code="b">0215277292</subfield>
          </datafield>
          <datafield tag="917" ind1=" " ind2=" ">
            <subfield code="5">590092101:188604073</subfield>
            <subfield code="a">aaax</subfield>
          </datafield>
          <datafield tag="930" ind1=" " ind2=" ">
            <subfield code="5">590092101:188604073</subfield>
            <subfield code="b">590092101</subfield>
            <subfield code="a">XA 25420</subfield>
            <subfield code="j">u</subfield>
          </datafield>
          <datafield tag="999" ind1=" " ind2=" ">
            <subfield code="5">590092101:188604073</subfield>
            <subfield code="a">0LIM</subfield>
            <subfield code="b">0XAM</subfield>
          </datafield>
          <datafield tag="917" ind1=" " ind2=" ">
            <subfield code="5">591832101:251008355</subfield>
            <subfield code="a">aaxx</subfield>
          </datafield>
          <datafield tag="930" ind1=" " ind2=" ">
            <subfield code="5">591832101:251008355</subfield>
            <subfield code="b">591832101</subfield>
            <subfield code="c">BU DUNKERQUE</subfield>
            <subfield code="d">SALLE BASSE</subfield>
            <subfield code="a">809.935 BIE O</subfield>
            <subfield code="j">u</subfield>
          </datafield>
          <datafield tag="930" ind1=" " ind2=" ">
            <subfield code="5">690292101:142326364</subfield>
            <subfield code="b">690292101</subfield>
            <subfield code="j">u</subfield>
          </datafield>
          <datafield tag="915" ind1=" " ind2=" ">
            <subfield code="5">574632105:11275323X</subfield>
            <subfield code="a">N/8341L</subfield>
          </datafield>
          <datafield tag="917" ind1=" " ind2=" ">
            <subfield code="5">574632105:11275323X</subfield>
            <subfield code="a">aaxx</subfield>
          </datafield>
          <datafield tag="930" ind1=" " ind2=" ">
            <subfield code="5">574632105:11275323X</subfield>
            <subfield code="b">574632105</subfield>
            <subfield code="e">ERMA</subfield>
            <subfield code="a">291.13 OED</subfield>
            <subfield code="j">u</subfield>
          </datafield>
          <datafield tag="999" ind1=" " ind2=" ">
            <subfield code="5">574632105:11275323X</subfield>
            <subfield code="z">N/8341L</subfield>
          </datafield>
          <datafield tag="915" ind1=" " ind2=" ">
            <subfield code="5">543952103:112753248</subfield>
            <subfield code="a">E/XA 9885</subfield>
          </datafield>
          <datafield tag="917" ind1=" " ind2=" ">
            <subfield code="5">543952103:112753248</subfield>
            <subfield code="a">aaxx</subfield>
          </datafield>
          <datafield tag="930" ind1=" " ind2=" ">
            <subfield code="5">543952103:112753248</subfield>
            <subfield code="b">543952103</subfield>
            <subfield code="e">FGNL</subfield>
            <subfield code="a">A 82.09 bie</subfield>
            <subfield code="j">u</subfield>
          </datafield>
          <datafield tag="999" ind1=" " ind2=" ">
            <subfield code="5">543952103:112753248</subfield>
            <subfield code="z">E/XA 9885</subfield>
          </datafield>
          <datafield tag="915" ind1=" " ind2=" ">
            <subfield code="5">441092102:181674084</subfield>
            <subfield code="a">0083446324</subfield>
            <subfield code="b">0083446324</subfield>
          </datafield>
          <datafield tag="930" ind1=" " ind2=" ">
            <subfield code="5">441092102:181674084</subfield>
            <subfield code="b">441092102</subfield>
            <subfield code="a">809.93 OED</subfield>
            <subfield code="j">u</subfield>
          </datafield>
          <datafield tag="915" ind1=" " ind2=" ">
            <subfield code="5">661362102:113741308</subfield>
            <subfield code="a">661362103af/</subfield>
          </datafield>
          <datafield tag="917" ind1=" " ind2=" ">
            <subfield code="5">661362102:113741308</subfield>
            <subfield code="a">aaxx</subfield>
          </datafield>
          <datafield tag="930" ind1=" " ind2=" ">
            <subfield code="5">661362102:113741308</subfield>
            <subfield code="b">661362102</subfield>
            <subfield code="d">lk</subfield>
            <subfield code="a">82.02 OED</subfield>
            <subfield code="j">u</subfield>
            <subfield code="2">CDU</subfield>
          </datafield>
          <datafield tag="999" ind1=" " ind2=" ">
            <subfield code="5">661362102:113741308</subfield>
            <subfield code="a">L 126371</subfield>
            <subfield code="b">661362103lk</subfield>
            <subfield code="d">1</subfield>
            <subfield code="e">1</subfield>
            <subfield code="1">cdu-rp</subfield>
            <subfield code="c">82.02 OED</subfield>
            <subfield code="x">661362103af</subfield>
            <subfield code="p">0PEL0126371</subfield>
            <subfield code="5">22.05.2000/662103/cxe</subfield>
          </datafield>
          <datafield tag="915" ind1=" " ind2=" ">
            <subfield code="5">514542102:138318506</subfield>
            <subfield code="a">L/LE995486</subfield>
          </datafield>
          <datafield tag="917" ind1=" " ind2=" ">
            <subfield code="5">514542102:138318506</subfield>
            <subfield code="a">aaxx</subfield>
          </datafield>
          <datafield tag="930" ind1=" " ind2=" ">
            <subfield code="5">514542102:138318506</subfield>
            <subfield code="b">514542102</subfield>
            <subfield code="e">FHRB</subfield>
            <subfield code="j">u</subfield>
          </datafield>
          <datafield tag="999" ind1=" " ind2=" ">
            <subfield code="5">514542102:138318506</subfield>
            <subfield code="z">L/LE995486</subfield>
          </datafield>
          <datafield tag="915" ind1=" " ind2=" ">
            <subfield code="5">352382101:112147046</subfield>
            <subfield code="b">0284077961</subfield>
          </datafield>
          <datafield tag="917" ind1=" " ind2=" ">
            <subfield code="5">352382101:112147046</subfield>
            <subfield code="a">aaxx</subfield>
          </datafield>
          <datafield tag="930" ind1=" " ind2=" ">
            <subfield code="5">352382101:112147046</subfield>
            <subfield code="b">352382101</subfield>
            <subfield code="j">u</subfield>
          </datafield>
          <datafield tag="999" ind1=" " ind2=" ">
            <subfield code="5">352382101:112147046</subfield>
            <subfield code="c">BU</subfield>
            <subfield code="d">RE0201</subfield>
            <subfield code="v">0284077961</subfield>
          </datafield>
          <datafield tag="915" ind1=" " ind2=" ">
            <subfield code="5">764512101:178222291</subfield>
            <subfield code="b">764512101:U5749</subfield>
          </datafield>
          <datafield tag="930" ind1=" " ind2=" ">
            <subfield code="5">764512101:178222291</subfield>
            <subfield code="b">764512101</subfield>
            <subfield code="a">292 OED</subfield>
            <subfield code="j">u</subfield>
          </datafield>
          <datafield tag="917" ind1=" " ind2=" ">
            <subfield code="5">422182101:112147054</subfield>
            <subfield code="a">aaxx</subfield>
          </datafield>
          <datafield tag="930" ind1=" " ind2=" ">
            <subfield code="5">422182101:112147054</subfield>
            <subfield code="b">422182101</subfield>
            <subfield code="j">u</subfield>
          </datafield>
          <datafield tag="999" ind1=" " ind2=" ">
            <subfield code="5">422182101:112147054</subfield>
            <subfield code="c">BU</subfield>
            <subfield code="d">STET21</subfield>
            <subfield code="a">S 53537</subfield>
          </datafield>
          <datafield tag="917" ind1=" " ind2=" ">
            <subfield code="5">422182101:151705100</subfield>
            <subfield code="a">aaxx</subfield>
          </datafield>
          <datafield tag="930" ind1=" " ind2=" ">
            <subfield code="5">422182101:151705100</subfield>
            <subfield code="b">422182101</subfield>
            <subfield code="j">u</subfield>
          </datafield>
          <datafield tag="999" ind1=" " ind2=" ">
            <subfield code="5">422182101:151705100</subfield>
            <subfield code="c">BU</subfield>
            <subfield code="d">STET21</subfield>
            <subfield code="a">S 53537</subfield>
          </datafield>
          <datafield tag="915" ind1=" " ind2=" ">
            <subfield code="5">674821001:128722258</subfield>
            <subfield code="a">M/CD.221.987</subfield>
          </datafield>
          <datafield tag="917" ind1=" " ind2=" ">
            <subfield code="5">674821001:128722258</subfield>
            <subfield code="a">aaxx</subfield>
          </datafield>
          <datafield tag="930" ind1=" " ind2=" ">
            <subfield code="5">674821001:128722258</subfield>
            <subfield code="b">674821001</subfield>
            <subfield code="e">FBFL</subfield>
            <subfield code="j">u</subfield>
          </datafield>
          <datafield tag="999" ind1=" " ind2=" ">
            <subfield code="5">674821001:128722258</subfield>
            <subfield code="z">M/CD.221.987</subfield>
          </datafield>
          <datafield tag="915" ind1=" " ind2=" ">
            <subfield code="5">315552102:110005929</subfield>
            <subfield code="a">315552102a/743841</subfield>
            <subfield code="b">0TOL0288368</subfield>
          </datafield>
          <datafield tag="917" ind1=" " ind2=" ">
            <subfield code="5">315552102:110005929</subfield>
            <subfield code="a">aaxx</subfield>
          </datafield>
          <datafield tag="930" ind1=" " ind2=" ">
            <subfield code="5">315552102:110005929</subfield>
            <subfield code="b">315552102</subfield>
            <subfield code="d">p</subfield>
            <subfield code="a">809.935 OED</subfield>
            <subfield code="j">u</subfield>
            <subfield code="2">dewey</subfield>
          </datafield>
          <datafield tag="992" ind1=" " ind2=" ">
            <subfield code="5">315552102:110005929</subfield>
            <subfield code="a">utlfr</subfield>
          </datafield>
          <datafield tag="999" ind1=" " ind2=" ">
            <subfield code="5">315552102:110005929</subfield>
            <subfield code="a">D 31812</subfield>
            <subfield code="b">315552102p</subfield>
            <subfield code="d">1</subfield>
            <subfield code="e">1</subfield>
            <subfield code="1">dew-tl</subfield>
            <subfield code="c">809.935 OED</subfield>
            <subfield code="x">315552102a/743841</subfield>
            <subfield code="u">tlfr</subfield>
            <subfield code="y">0TOL0288368</subfield>
            <subfield code="5">20.01.2000/312102/bal</subfield>
          </datafield>
          <datafield tag="915" ind1=" " ind2=" ">
            <subfield code="5">372612102:129327018</subfield>
            <subfield code="a">S/XF 8502</subfield>
          </datafield>
          <datafield tag="917" ind1=" " ind2=" ">
            <subfield code="5">372612102:129327018</subfield>
            <subfield code="a">aaxx</subfield>
          </datafield>
          <datafield tag="930" ind1=" " ind2=" ">
            <subfield code="5">372612102:129327018</subfield>
            <subfield code="b">372612102</subfield>
            <subfield code="e">SRTL</subfield>
            <subfield code="j">u</subfield>
          </datafield>
          <datafield tag="999" ind1=" " ind2=" ">
            <subfield code="5">372612102:129327018</subfield>
            <subfield code="z">S/XF 8502</subfield>
          </datafield>
          <datafield tag="915" ind1=" " ind2=" ">
            <subfield code="5">596062101:128053445</subfield>
            <subfield code="a">V/90912</subfield>
          </datafield>
          <datafield tag="917" ind1=" " ind2=" ">
            <subfield code="5">596062101:128053445</subfield>
            <subfield code="a">aaxx</subfield>
          </datafield>
          <datafield tag="930" ind1=" " ind2=" ">
            <subfield code="5">596062101:128053445</subfield>
            <subfield code="b">596062101</subfield>
            <subfield code="e">FVAA</subfield>
            <subfield code="j">u</subfield>
          </datafield>
          <datafield tag="999" ind1=" " ind2=" ">
            <subfield code="5">596062101:128053445</subfield>
            <subfield code="z">V/90912</subfield>
          </datafield>
          <datafield tag="930" ind1=" " ind2=" ">
            <subfield code="5">751052102:165066466</subfield>
            <subfield code="b">751052102</subfield>
            <subfield code="a">158 BIE</subfield>
            <subfield code="j">u</subfield>
          </datafield>
          <datafield tag="915" ind1=" " ind2=" ">
            <subfield code="5">751082101:113741316</subfield>
            <subfield code="a">751082101a/</subfield>
          </datafield>
          <datafield tag="917" ind1=" " ind2=" ">
            <subfield code="5">751082101:113741316</subfield>
            <subfield code="a">aaxx</subfield>
          </datafield>
          <datafield tag="930" ind1=" " ind2=" ">
            <subfield code="5">751082101:113741316</subfield>
            <subfield code="b">751082101</subfield>
            <subfield code="d">la</subfield>
            <subfield code="a">810.02 BIE</subfield>
            <subfield code="j">u</subfield>
            <subfield code="2">CDU</subfield>
          </datafield>
          <datafield tag="992" ind1=" " ind2=" ">
            <subfield code="5">751082101:113741316</subfield>
            <subfield code="a">uplcvv</subfield>
          </datafield>
          <datafield tag="999" ind1=" " ind2=" ">
            <subfield code="5">751082101:113741316</subfield>
            <subfield code="a">G 9726</subfield>
            <subfield code="b">751082101la</subfield>
            <subfield code="d">1</subfield>
            <subfield code="e">1</subfield>
            <subfield code="1">cdu-pl</subfield>
            <subfield code="c">810.02 BIE</subfield>
            <subfield code="x">751082101a</subfield>
            <subfield code="u">plcvv</subfield>
            <subfield code="p">171002</subfield>
            <subfield code="5">21.06.2000/752199/nhg</subfield>
          </datafield>
          <datafield tag="915" ind1=" " ind2=" ">
            <subfield code="5">930662101:131342347</subfield>
            <subfield code="a">930662101a/</subfield>
            <subfield code="b">025311896</subfield>
          </datafield>
          <datafield tag="917" ind1=" " ind2=" ">
            <subfield code="5">930662101:131342347</subfield>
            <subfield code="a">abxx</subfield>
          </datafield>
          <datafield tag="930" ind1=" " ind2=" ">
            <subfield code="5">930662101:131342347</subfield>
            <subfield code="b">930662101</subfield>
            <subfield code="d">sa</subfield>
            <subfield code="a">82.09 Oed</subfield>
            <subfield code="j">i</subfield>
            <subfield code="2">CDU</subfield>
          </datafield>
          <datafield tag="999" ind1=" " ind2=" ">
            <subfield code="5">930662101:131342347</subfield>
            <subfield code="a">VL-LIP</subfield>
            <subfield code="b">930662101sa</subfield>
            <subfield code="d">1</subfield>
            <subfield code="e">1</subfield>
            <subfield code="1">cdu-pd</subfield>
            <subfield code="c">82.09 Oed</subfield>
            <subfield code="x">930662101a</subfield>
            <subfield code="y">025311896</subfield>
            <subfield code="5">29.09.2000/932101/dev</subfield>
          </datafield>
          <datafield tag="915" ind1=" " ind2=" ">
            <subfield code="5">920502102:110005937</subfield>
            <subfield code="a">920502102a/742059(1)</subfield>
          </datafield>
          <datafield tag="917" ind1=" " ind2=" ">
            <subfield code="5">920502102:110005937</subfield>
            <subfield code="a">aaxx</subfield>
          </datafield>
          <datafield tag="930" ind1=" " ind2=" ">
            <subfield code="5">920502102:110005937</subfield>
            <subfield code="b">920502102</subfield>
            <subfield code="d">al</subfield>
            <subfield code="a">82.09 BIE</subfield>
            <subfield code="j">u</subfield>
            <subfield code="2">CDU</subfield>
          </datafield>
          <datafield tag="999" ind1=" " ind2=" ">
            <subfield code="5">920502102:110005937</subfield>
            <subfield code="a">XA 8847</subfield>
            <subfield code="b">920502102al</subfield>
            <subfield code="d">1</subfield>
            <subfield code="e">1</subfield>
            <subfield code="1">cdu-pn</subfield>
            <subfield code="c">82.09 BIE</subfield>
            <subfield code="x">920502102a/742059(1)</subfield>
            <subfield code="5">23.02.2000/922102/mfo</subfield>
          </datafield>
          <datafield tag="915" ind1=" " ind2=" ">
            <subfield code="5">920502102:110005945</subfield>
            <subfield code="a">920502102a/742059(2)</subfield>
          </datafield>
          <datafield tag="917" ind1=" " ind2=" ">
            <subfield code="5">920502102:110005945</subfield>
            <subfield code="a">aaxx</subfield>
          </datafield>
          <datafield tag="930" ind1=" " ind2=" ">
            <subfield code="5">920502102:110005945</subfield>
            <subfield code="b">920502102</subfield>
            <subfield code="d">c</subfield>
            <subfield code="a">82.09 BIE</subfield>
            <subfield code="j">u</subfield>
            <subfield code="2">CDU</subfield>
          </datafield>
          <datafield tag="999" ind1=" " ind2=" ">
            <subfield code="5">920502102:110005945</subfield>
            <subfield code="a">XA 8847</subfield>
            <subfield code="b">920502102c</subfield>
            <subfield code="d">1</subfield>
            <subfield code="e">1</subfield>
            <subfield code="1">cdu-pn</subfield>
            <subfield code="c">82.09 BIE</subfield>
            <subfield code="x">920502102a/742059(2)</subfield>
            <subfield code="5">23.02.2000/922102/mfo</subfield>
          </datafield>
          <datafield tag="915" ind1=" " ind2=" ">
            <subfield code="5">940282102:270331506</subfield>
            <subfield code="b">5200000802</subfield>
          </datafield>
          <datafield tag="930" ind1=" " ind2=" ">
            <subfield code="5">940282102:270331506</subfield>
            <subfield code="b">940282102</subfield>
            <subfield code="a">81.04 OED</subfield>
            <subfield code="j">u</subfield>
          </datafield>
          <datafield tag="991" ind1=" " ind2=" ">
            <subfield code="5">940282102:270331506</subfield>
            <subfield code="a">Exemplaire créé automatiquement par l'ABES</subfield>
          </datafield>
          <datafield tag="915" ind1=" " ind2=" ">
            <subfield code="5">751052105:108969193</subfield>
            <subfield code="a">751052105a/447241</subfield>
          </datafield>
          <datafield tag="917" ind1=" " ind2=" ">
            <subfield code="5">751052105:108969193</subfield>
            <subfield code="a">aaxx</subfield>
          </datafield>
          <datafield tag="930" ind1=" " ind2=" ">
            <subfield code="5">751052105:108969193</subfield>
            <subfield code="b">751052105</subfield>
            <subfield code="d">a</subfield>
            <subfield code="a">M 8= 573</subfield>
            <subfield code="j">u</subfield>
          </datafield>
          <datafield tag="999" ind1=" " ind2=" ">
            <subfield code="5">751052105:108969193</subfield>
            <subfield code="a">M 8= 573</subfield>
            <subfield code="b">751052105a</subfield>
            <subfield code="d">1</subfield>
            <subfield code="e">1</subfield>
            <subfield code="x">751052105a/447241</subfield>
            <subfield code="5">19.11.1999/752105/vat</subfield>
          </datafield>
          <datafield tag="915" ind1=" " ind2=" ">
            <subfield code="5">751052116:112147062</subfield>
            <subfield code="a">B10694663</subfield>
            <subfield code="b">9105306374</subfield>
          </datafield>
          <datafield tag="917" ind1=" " ind2=" ">
            <subfield code="5">751052116:112147062</subfield>
            <subfield code="a">aaxx</subfield>
          </datafield>
          <datafield tag="930" ind1=" " ind2=" ">
            <subfield code="5">751052116:112147062</subfield>
            <subfield code="b">751052116</subfield>
            <subfield code="a">8 Y SUP 71338</subfield>
            <subfield code="j">u</subfield>
          </datafield>
          <datafield tag="999" ind1=" " ind2=" ">
            <subfield code="5">751052116:112147062</subfield>
            <subfield code="c">BU</subfield>
            <subfield code="d">BSG</subfield>
            <subfield code="a">8 Y SUP 71338</subfield>
            <subfield code="v">9105306374</subfield>
            <subfield code="A">B10694663</subfield>
          </datafield>
        </record>
      </recordData>
      <recordPosition>87</recordPosition>
    </record>