
    <record>
      <recordSchema>dc</recordSchema>
      <recordPacking>xml</recordPacking>
      <recordData>
        <record xsi:schemaLocation="http://www.loc.gov/MARC21/slim http://www.loc.gov/standards/marcxml/schema/MARC21slim.xsd" xmlns="http://www.loc.gov/MARC21/slim" xmlns:xsi="http://www.w3.org/2001/XMLSchema-instance">
          <leader>03358cam0 2200757   4500</leader>
          <controlfield tag="001">047830484</controlfield>
          <controlfield tag="005">20040919201859.000</controlfield>
          <datafield tag="010" ind1=" " ind2=" ">
            <subfield code="a">2-227-00594-7</subfield>
            <subfield code="b">br</subfield>
            <subfield code="d">170 F : 25,92 EUR</subfield>
          </datafield>
          <datafield tag="020" ind1=" " ind2=" ">
            <subfield code="a">FR</subfield>
            <subfield code="b">00015686</subfield>
          </datafield>
          <datafield tag="021" ind1=" " ind2=" ">
            <subfield code="a">FR</subfield>
            <subfield code="b">DL 99-25930 (D1)</subfield>
          </datafield>
          <datafield tag="035" ind1=" " ind2=" ">
            <subfield code="a">sib1458140</subfield>
          </datafield>
          <datafield tag="035" ind1=" " ind2=" ">
            <subfield code="a">frBN024656568</subfield>
          </datafield>
          <datafield tag="100" ind1=" " ind2=" ">
            <subfield code="a">19991108d1999    ||||0frey0103    ba</subfield>
          </datafield>
          <datafield tag="101" ind1="0" ind2=" ">
            <subfield code="a">fre</subfield>
          </datafield>
          <datafield tag="102" ind1=" " ind2=" ">
            <subfield code="a">FR</subfield>
          </datafield>
          <datafield tag="105" ind1=" " ind2=" ">
            <subfield code="a">y   |||||||||</subfield>
          </datafield>
          <datafield tag="200" ind1="1" ind2=" ">
            <subfield code="a">&lt;?char 136 ?&gt;L'&lt;?char 137 ?&gt;oedipe</subfield>
          </datafield>
          <datafield tag="210" ind1=" " ind2=" ">
            <subfield code="a">Paris</subfield>
            <subfield code="c">Bayard</subfield>
            <subfield code="d">1999</subfield>
          </datafield>
          <datafield tag="215" ind1=" " ind2=" ">
            <subfield code="a">246 p</subfield>
            <subfield code="d">21 cm</subfield>
          </datafield>
          <datafield tag="300" ind1=" " ind2=" ">
            <subfield code="a">Résumés en français, anglais et espagnol</subfield>
          </datafield>
          <datafield tag="320" ind1=" " ind2=" ">
            <subfield code="a">Notes bibliogr.</subfield>
          </datafield>
          <datafield tag="345" ind1=" " ind2=" ">
            <subfield code="b">9782227005945</subfield>
          </datafield>
          <datafield tag="463" ind1=" " ind2=" ">
            <subfield code="0">001095641</subfield>
            <subfield code="t">Journal de la psychanalyse de l'enfant</subfield>
            <subfield code="c">Paris</subfield>
            <subfield code="d">1986 -</subfield>
            <subfield code="v">No 24, 1999</subfield>
          </datafield>
          <datafield tag="517" ind1=" " ind2=" ">
            <subfield code="a">Journal de la psychanalyse de l'enfant.</subfield>
            <subfield code="j">24</subfield>
          </datafield>
          <datafield tag="606" ind1="1" ind2=" ">
            <subfield code="3">027230600</subfield>
            <subfield code="a">Complexe d'Oedipe</subfield>
            <subfield code="2">rameau</subfield>
          </datafield>
          <datafield tag="675" ind1=" " ind2=" ">
            <subfield code="a">1</subfield>
            <subfield code="v">Éd. 1967</subfield>
          </datafield>
          <datafield tag="676" ind1=" " ind2=" ">
            <subfield code="a">100</subfield>
          </datafield>
          <datafield tag="801" ind1=" " ind2="3">
            <subfield code="a">FR</subfield>
            <subfield code="b">Abes</subfield>
            <subfield code="c">20040919</subfield>
            <subfield code="g">AFNOR</subfield>
          </datafield>
          <datafield tag="801" ind1=" " ind2="3">
            <subfield code="a">FR</subfield>
            <subfield code="b">SF</subfield>
            <subfield code="c">20040919</subfield>
            <subfield code="g">AFNOR</subfield>
          </datafield>
          <datafield tag="801" ind1=" " ind2="3">
            <subfield code="a">FR</subfield>
            <subfield code="b">BN</subfield>
            <subfield code="c">20040919</subfield>
            <subfield code="g">AFNOR</subfield>
          </datafield>
          <datafield tag="915" ind1=" " ind2=" ">
            <subfield code="5">490072106:198215606</subfield>
            <subfield code="b">32223003828936</subfield>
          </datafield>
          <datafield tag="930" ind1=" " ind2=" ">
            <subfield code="5">490072106:198215606</subfield>
            <subfield code="b">490072106</subfield>
            <subfield code="j">u</subfield>
          </datafield>
          <datafield tag="915" ind1=" " ind2=" ">
            <subfield code="5">250562101:139751009</subfield>
            <subfield code="b">1144002055</subfield>
          </datafield>
          <datafield tag="917" ind1=" " ind2=" ">
            <subfield code="5">250562101:139751009</subfield>
            <subfield code="a">aaxx</subfield>
          </datafield>
          <datafield tag="930" ind1=" " ind2=" ">
            <subfield code="5">250562101:139751009</subfield>
            <subfield code="b">250562101</subfield>
            <subfield code="a">PER.504.24</subfield>
            <subfield code="j">u</subfield>
          </datafield>
          <datafield tag="999" ind1=" " ind2=" ">
            <subfield code="5">250562101:139751009</subfield>
            <subfield code="c">BU</subfield>
            <subfield code="d">BESA01</subfield>
            <subfield code="a">PER.504.24</subfield>
            <subfield code="v">1144002055</subfield>
          </datafield>
          <datafield tag="930" ind1=" " ind2=" ">
            <subfield code="5">301892101:148647138</subfield>
            <subfield code="b">301892101</subfield>
            <subfield code="a">WS350.5 OED</subfield>
            <subfield code="j">u</subfield>
          </datafield>
          <datafield tag="930" ind1=" " ind2=" ">
            <subfield code="5">301892102:149126956</subfield>
            <subfield code="b">301892102</subfield>
            <subfield code="a">155.4 OED</subfield>
            <subfield code="j">u</subfield>
          </datafield>
          <datafield tag="915" ind1=" " ind2=" ">
            <subfield code="5">060882104:129994251</subfield>
            <subfield code="a">99331-136-B</subfield>
            <subfield code="b">0922064698</subfield>
          </datafield>
          <datafield tag="917" ind1=" " ind2=" ">
            <subfield code="5">060882104:129994251</subfield>
            <subfield code="a">aaac</subfield>
          </datafield>
          <datafield tag="930" ind1=" " ind2=" ">
            <subfield code="5">060882104:129994251</subfield>
            <subfield code="b">060882104</subfield>
            <subfield code="c">BU-LET</subfield>
            <subfield code="d">SL1</subfield>
            <subfield code="a">BF 175 .5 .O33 JOU</subfield>
            <subfield code="j">u</subfield>
          </datafield>
          <datafield tag="915" ind1=" " ind2=" ">
            <subfield code="5">060882105:129996637</subfield>
            <subfield code="a">99331-136-A</subfield>
            <subfield code="b">0940007097</subfield>
          </datafield>
          <datafield tag="917" ind1=" " ind2=" ">
            <subfield code="5">060882105:129996637</subfield>
            <subfield code="a">aaac</subfield>
          </datafield>
          <datafield tag="930" ind1=" " ind2=" ">
            <subfield code="5">060882105:129996637</subfield>
            <subfield code="b">060882105</subfield>
            <subfield code="c">BU-STJ</subfield>
            <subfield code="d">PSYCHO</subfield>
            <subfield code="a">BF 175 .5 .O33 JOU</subfield>
            <subfield code="j">u</subfield>
          </datafield>
          <datafield tag="915" ind1=" " ind2=" ">
            <subfield code="5">930662101:109994973</subfield>
            <subfield code="a">930662101a/</subfield>
            <subfield code="b">025305964</subfield>
          </datafield>
          <datafield tag="917" ind1=" " ind2=" ">
            <subfield code="5">930662101:109994973</subfield>
            <subfield code="a">abxx</subfield>
          </datafield>
          <datafield tag="930" ind1=" " ind2=" ">
            <subfield code="5">930662101:109994973</subfield>
            <subfield code="b">930662101</subfield>
            <subfield code="d">sa</subfield>
            <subfield code="a">159.964.28 Oed</subfield>
            <subfield code="j">i</subfield>
            <subfield code="2">CDU</subfield>
          </datafield>
          <datafield tag="999" ind1=" " ind2=" ">
            <subfield code="5">930662101:109994973</subfield>
            <subfield code="a">C-LIP</subfield>
            <subfield code="b">930662101sa</subfield>
            <subfield code="d">1</subfield>
            <subfield code="e">1</subfield>
            <subfield code="1">cdu-pd</subfield>
            <subfield code="c">159.964.28 Oed</subfield>
            <subfield code="x">930662101a</subfield>
            <subfield code="y">025305964</subfield>
            <subfield code="5">20.03.2000/932101/lea</subfield>
          </datafield>
          <datafield tag="915" ind1=" " ind2=" ">
            <subfield code="5">930662101:109994981</subfield>
            <subfield code="a">930662101a/</subfield>
          </datafield>
          <datafield tag="917" ind1=" " ind2=" ">
            <subfield code="5">930662101:109994981</subfield>
            <subfield code="a">abxx</subfield>
          </datafield>
          <datafield tag="930" ind1=" " ind2=" ">
            <subfield code="5">930662101:109994981</subfield>
            <subfield code="b">930662101</subfield>
            <subfield code="d">sa</subfield>
            <subfield code="a">159.964.28 Oed</subfield>
            <subfield code="j">i</subfield>
            <subfield code="2">CDU</subfield>
          </datafield>
          <datafield tag="999" ind1=" " ind2=" ">
            <subfield code="5">930662101:109994981</subfield>
            <subfield code="a">C-LEX</subfield>
            <subfield code="b">930662101sa</subfield>
            <subfield code="d">1</subfield>
            <subfield code="e">1</subfield>
            <subfield code="1">cdu-pd</subfield>
            <subfield code="c">159.964.28 Oed</subfield>
            <subfield code="x">930662101a</subfield>
            <subfield code="5">20.03.2000/932101/lea</subfield>
          </datafield>
          <datafield tag="915" ind1=" " ind2=" ">
            <subfield code="5">920502102:10999499X</subfield>
            <subfield code="a">920502102a/742388</subfield>
          </datafield>
          <datafield tag="917" ind1=" " ind2=" ">
            <subfield code="5">920502102:10999499X</subfield>
            <subfield code="a">aaxx</subfield>
          </datafield>
          <datafield tag="930" ind1=" " ind2=" ">
            <subfield code="5">920502102:10999499X</subfield>
            <subfield code="b">920502102</subfield>
            <subfield code="d">c</subfield>
            <subfield code="a">159.964-053.27 Oed</subfield>
            <subfield code="j">u</subfield>
            <subfield code="2">CDU</subfield>
          </datafield>
          <datafield tag="992" ind1=" " ind2=" ">
            <subfield code="5">920502102:10999499X</subfield>
            <subfield code="a">upnpsy</subfield>
          </datafield>
          <datafield tag="999" ind1=" " ind2=" ">
            <subfield code="5">920502102:10999499X</subfield>
            <subfield code="a">SB 415</subfield>
            <subfield code="b">920502102c</subfield>
            <subfield code="d">1</subfield>
            <subfield code="e">1</subfield>
            <subfield code="1">cdu-pn</subfield>
            <subfield code="c">159.964-053.27 Oed</subfield>
            <subfield code="x">920502102a/742388</subfield>
            <subfield code="u">pnpsy</subfield>
            <subfield code="5">01.02.2000/922102/mat</subfield>
          </datafield>
          <datafield tag="915" ind1=" " ind2=" ">
            <subfield code="5">930792101:10889262X</subfield>
            <subfield code="a">930792101a</subfield>
          </datafield>
          <datafield tag="917" ind1=" " ind2=" ">
            <subfield code="5">930792101:10889262X</subfield>
            <subfield code="a">aaxx</subfield>
          </datafield>
          <datafield tag="930" ind1=" " ind2=" ">
            <subfield code="5">930792101:10889262X</subfield>
            <subfield code="b">930792101</subfield>
            <subfield code="d">bd</subfield>
            <subfield code="a">159.964 OED</subfield>
            <subfield code="j">u</subfield>
            <subfield code="2">CDU</subfield>
          </datafield>
          <datafield tag="992" ind1=" " ind2=" ">
            <subfield code="5">930792101:10889262X</subfield>
            <subfield code="a">upvpsy</subfield>
          </datafield>
          <datafield tag="999" ind1=" " ind2=" ">
            <subfield code="5">930792101:10889262X</subfield>
            <subfield code="a">D 201959 P</subfield>
            <subfield code="b">930792101bd</subfield>
            <subfield code="d">1</subfield>
            <subfield code="e">1</subfield>
            <subfield code="1">cdu-pv</subfield>
            <subfield code="c">159.964 OED</subfield>
            <subfield code="x">930792101a</subfield>
            <subfield code="u">pvpsy</subfield>
            <subfield code="p">*OEDIPE97</subfield>
            <subfield code="5">25.11.1999/932199/nch</subfield>
          </datafield>
          <datafield tag="915" ind1=" " ind2=" ">
            <subfield code="5">751062103:108892638</subfield>
            <subfield code="a">751062103af/</subfield>
          </datafield>
          <datafield tag="917" ind1=" " ind2=" ">
            <subfield code="5">751062103:108892638</subfield>
            <subfield code="a">aaxx</subfield>
          </datafield>
          <datafield tag="930" ind1=" " ind2=" ">
            <subfield code="5">751062103:108892638</subfield>
            <subfield code="b">751062103</subfield>
            <subfield code="d">a</subfield>
            <subfield code="a">Y 232541A-24</subfield>
            <subfield code="j">u</subfield>
          </datafield>
          <datafield tag="999" ind1=" " ind2=" ">
            <subfield code="5">751062103:108892638</subfield>
            <subfield code="a">Y 232541A-24</subfield>
            <subfield code="b">751062103a</subfield>
            <subfield code="d">1</subfield>
            <subfield code="e">1</subfield>
            <subfield code="x">751062103af</subfield>
            <subfield code="5">08.11.1999/752103/pey</subfield>
          </datafield>
        </record>
      </recordData>
      <recordPosition>88</recordPosition>
    </record>