
    <record>
      <recordSchema>dc</recordSchema>
      <recordPacking>xml</recordPacking>
      <recordData>
        <record xsi:schemaLocation="http://www.loc.gov/MARC21/slim http://www.loc.gov/standards/marcxml/schema/MARC21slim.xsd" xmlns="http://www.loc.gov/MARC21/slim" xmlns:xsi="http://www.w3.org/2001/XMLSchema-instance">
          <leader>01184cam0 2200277   4500</leader>
          <controlfield tag="001">04740888X</controlfield>
          <controlfield tag="005">20040919201033.000</controlfield>
          <datafield tag="035" ind1=" " ind2=" ">
            <subfield code="a">sib1399933</subfield>
          </datafield>
          <datafield tag="100" ind1=" " ind2=" ">
            <subfield code="a">19990707d1999    ||||0frey0103    ba</subfield>
          </datafield>
          <datafield tag="101" ind1="0" ind2=" ">
            <subfield code="a">fre</subfield>
          </datafield>
          <datafield tag="102" ind1=" " ind2=" ">
            <subfield code="a">FR</subfield>
          </datafield>
          <datafield tag="105" ind1=" " ind2=" ">
            <subfield code="a">y   m   |||||</subfield>
          </datafield>
          <datafield tag="130" ind1=" " ind2=" ">
            <subfield code="a">e||||||||||</subfield>
          </datafield>
          <datafield tag="200" ind1="1" ind2=" ">
            <subfield code="a">&lt;?char 136 ?&gt;Le &lt;?char 137 ?&gt;mythe d'Oedipe dans le théâtre français du XVIème siècle à nos jours</subfield>
            <subfield code="b">Microforme</subfield>
            <subfield code="f">par Mitsutaka Odagiri</subfield>
          </datafield>
          <datafield tag="210" ind1=" " ind2=" ">
            <subfield code="a">Lille</subfield>
            <subfield code="c">Atelier national de Reproduction des Thèses</subfield>
            <subfield code="d">1999</subfield>
          </datafield>
          <datafield tag="215" ind1=" " ind2=" ">
            <subfield code="a">3 microfiches</subfield>
            <subfield code="d">105 x 148 mm</subfield>
          </datafield>
          <datafield tag="300" ind1=" " ind2=" ">
            <subfield code="a">L'en-tête des microfiches indique par erreur 1997 comme année de soutenance de la thèse</subfield>
          </datafield>
          <datafield tag="600" ind1=" " ind2="1">
            <subfield code="3">027512312</subfield>
            <subfield code="a">Oedipe</subfield>
            <subfield code="3">027512312</subfield>
            <subfield code="c">mythologie grecque</subfield>
            <subfield code="3">028054679</subfield>
            <subfield code="x">Dans la littérature</subfield>
            <subfield code="2">rameau</subfield>
          </datafield>
          <datafield tag="606" ind1="1" ind2=" ">
            <subfield code="3">027814157</subfield>
            <subfield code="a">Théâtre français</subfield>
            <subfield code="3">02778987X</subfield>
            <subfield code="x">Thèmes, motifs</subfield>
            <subfield code="2">rameau</subfield>
          </datafield>
          <datafield tag="700" ind1=" " ind2="1">
            <subfield code="3">057673047</subfield>
            <subfield code="a">Odagiri</subfield>
            <subfield code="b">Mitsutaka</subfield>
          </datafield>
          <datafield tag="801" ind1=" " ind2="3">
            <subfield code="a">FR</subfield>
            <subfield code="b">Abes</subfield>
            <subfield code="c">20040919</subfield>
            <subfield code="g">AFNOR</subfield>
          </datafield>
          <datafield tag="801" ind1=" " ind2="3">
            <subfield code="a">FR</subfield>
            <subfield code="b">SF</subfield>
            <subfield code="c">20040919</subfield>
            <subfield code="g">AFNOR</subfield>
          </datafield>
          <datafield tag="915" ind1=" " ind2=" ">
            <subfield code="5">751052105:108144437</subfield>
            <subfield code="a">751052105d/</subfield>
          </datafield>
          <datafield tag="917" ind1=" " ind2=" ">
            <subfield code="5">751052105:108144437</subfield>
            <subfield code="a">aaxx</subfield>
          </datafield>
          <datafield tag="930" ind1=" " ind2=" ">
            <subfield code="5">751052105:108144437</subfield>
            <subfield code="b">751052105</subfield>
            <subfield code="d">mc</subfield>
            <subfield code="a">TMC 6639</subfield>
            <subfield code="j">g</subfield>
          </datafield>
          <datafield tag="999" ind1=" " ind2=" ">
            <subfield code="5">751052105:108144437</subfield>
            <subfield code="a">TMC 6639</subfield>
            <subfield code="b">751052105mc</subfield>
            <subfield code="d">1</subfield>
            <subfield code="e">3</subfield>
            <subfield code="x">751052105d</subfield>
            <subfield code="5">07.07.1999/752105/jpc</subfield>
          </datafield>
        </record>
      </recordData>
      <recordPosition>89</recordPosition>
    </record>