
    <record>
      <recordSchema>dc</recordSchema>
      <recordPacking>xml</recordPacking>
      <recordData>
        <record xsi:schemaLocation="http://www.loc.gov/MARC21/slim http://www.loc.gov/standards/marcxml/schema/MARC21slim.xsd" xmlns="http://www.loc.gov/MARC21/slim" xmlns:xsi="http://www.w3.org/2001/XMLSchema-instance">
          <leader>01921cam0 2200505   4500</leader>
          <controlfield tag="001">045271003</controlfield>
          <controlfield tag="005">20050428205102.000</controlfield>
          <datafield tag="010" ind1=" " ind2=" ">
            <subfield code="a">2-7298-4876-2</subfield>
            <subfield code="b">br.</subfield>
            <subfield code="d">32 FRF</subfield>
          </datafield>
          <datafield tag="020" ind1=" " ind2=" ">
            <subfield code="a">FR</subfield>
            <subfield code="b">00010480</subfield>
          </datafield>
          <datafield tag="021" ind1=" " ind2=" ">
            <subfield code="a">FR</subfield>
            <subfield code="b">DL 99-19533 (D4)</subfield>
          </datafield>
          <datafield tag="035" ind1=" " ind2=" ">
            <subfield code="a">055883494</subfield>
          </datafield>
          <datafield tag="035" ind1=" " ind2=" ">
            <subfield code="a">frBN024541078</subfield>
          </datafield>
          <datafield tag="035" ind1=" " ind2=" ">
            <subfield code="a">sib1754069</subfield>
          </datafield>
          <datafield tag="035" ind1=" " ind2=" ">
            <subfield code="5">250562101</subfield>
            <subfield code="a">alp119533</subfield>
          </datafield>
          <datafield tag="100" ind1=" " ind2=" ">
            <subfield code="a">20000411d1999    m  y0frey0103    ba</subfield>
          </datafield>
          <datafield tag="101" ind1="0" ind2=" ">
            <subfield code="a">fre</subfield>
          </datafield>
          <datafield tag="102" ind1=" " ind2=" ">
            <subfield code="a">FR</subfield>
          </datafield>
          <datafield tag="105" ind1=" " ind2=" ">
            <subfield code="a">y   a   000yy</subfield>
          </datafield>
          <datafield tag="106" ind1=" " ind2=" ">
            <subfield code="a">r</subfield>
          </datafield>
          <datafield tag="200" ind1="1" ind2=" ">
            <subfield code="a">&lt;?char 136 ?&gt;Le &lt;?char 137 ?&gt;mythe antique dans le théâtre du XXe siècle</subfield>
            <subfield code="b">Texte imprimé</subfield>
            <subfield code="e">Oedipe, Antigone, Electre</subfield>
            <subfield code="e">40 questions, 40 réponses, 4 études</subfield>
            <subfield code="f">par Jean Broyer,...</subfield>
          </datafield>
          <datafield tag="210" ind1=" " ind2=" ">
            <subfield code="a">Paris</subfield>
            <subfield code="c">Ellipses</subfield>
            <subfield code="d">1999</subfield>
            <subfield code="e">86-Ligugé-Poitiers</subfield>
            <subfield code="g">Impr. Aubin</subfield>
          </datafield>
          <datafield tag="215" ind1=" " ind2=" ">
            <subfield code="a">78 p.</subfield>
            <subfield code="c">couv. ill. en coul.</subfield>
            <subfield code="d">19 cm</subfield>
          </datafield>
          <datafield tag="225" ind1="0" ind2=" ">
            <subfield code="a">40/4</subfield>
          </datafield>
          <datafield tag="320" ind1=" " ind2=" ">
            <subfield code="a">Bibliogr. p. 77</subfield>
          </datafield>
          <datafield tag="345" ind1=" " ind2=" ">
            <subfield code="b">9782729848767</subfield>
          </datafield>
          <datafield tag="410" ind1=" " ind2=" ">
            <subfield code="0">040502244</subfield>
            <subfield code="t">40/4 (Paris)</subfield>
            <subfield code="x">1274-9583</subfield>
          </datafield>
          <datafield tag="606" ind1="1" ind2=" ">
            <subfield code="3">027846784</subfield>
            <subfield code="a">Mythologie</subfield>
            <subfield code="x">dans la littérature</subfield>
            <subfield code="2">rameau</subfield>
          </datafield>
          <datafield tag="606" ind1="1" ind2=" ">
            <subfield code="3">027814157</subfield>
            <subfield code="a">Théâtre français</subfield>
            <subfield code="3">086305646</subfield>
            <subfield code="z">20e siècle</subfield>
            <subfield code="3">02778987X</subfield>
            <subfield code="x">Thèmes, motifs</subfield>
            <subfield code="2">rameau</subfield>
          </datafield>
          <datafield tag="675" ind1=" " ind2=" ">
            <subfield code="a">820</subfield>
            <subfield code="v">Éd. 1967</subfield>
          </datafield>
          <datafield tag="676" ind1=" " ind2=" ">
            <subfield code="a">801</subfield>
          </datafield>
          <datafield tag="700" ind1=" " ind2="1">
            <subfield code="3">034855629</subfield>
            <subfield code="a">Broyer</subfield>
            <subfield code="b">Jean</subfield>
            <subfield code="4">070</subfield>
          </datafield>
          <datafield tag="801" ind1=" " ind2="3">
            <subfield code="a">FR</subfield>
            <subfield code="b">Abes</subfield>
            <subfield code="c">20050428</subfield>
            <subfield code="g">AFNOR</subfield>
          </datafield>
          <datafield tag="801" ind1=" " ind2="3">
            <subfield code="a">FR</subfield>
            <subfield code="b">BN</subfield>
            <subfield code="c">20050428</subfield>
            <subfield code="g">AFNOR</subfield>
          </datafield>
          <datafield tag="801" ind1=" " ind2="3">
            <subfield code="a">FR</subfield>
            <subfield code="b">SF</subfield>
            <subfield code="c">20050428</subfield>
            <subfield code="g">AFNOR</subfield>
          </datafield>
          <datafield tag="915" ind1=" " ind2=" ">
            <subfield code="5">250562101:099491818</subfield>
            <subfield code="b">1142951836</subfield>
          </datafield>
          <datafield tag="917" ind1=" " ind2=" ">
            <subfield code="5">250562101:099491818</subfield>
            <subfield code="a">aaxx</subfield>
          </datafield>
          <datafield tag="930" ind1=" " ind2=" ">
            <subfield code="5">250562101:099491818</subfield>
            <subfield code="b">250562101</subfield>
            <subfield code="a">845964</subfield>
            <subfield code="j">u</subfield>
          </datafield>
          <datafield tag="999" ind1=" " ind2=" ">
            <subfield code="5">250562101:099491818</subfield>
            <subfield code="c">BU</subfield>
            <subfield code="d">BESA01</subfield>
            <subfield code="a">845964</subfield>
            <subfield code="v">1142951836</subfield>
          </datafield>
          <datafield tag="930" ind1=" " ind2=" ">
            <subfield code="5">644452101:144576007</subfield>
            <subfield code="b">644452101</subfield>
            <subfield code="a">81.2 BRO</subfield>
            <subfield code="j">u</subfield>
          </datafield>
          <datafield tag="930" ind1=" " ind2=" ">
            <subfield code="5">751052102:197461514</subfield>
            <subfield code="b">751052102</subfield>
            <subfield code="a">82.01 BRO</subfield>
            <subfield code="j">u</subfield>
          </datafield>
          <datafield tag="915" ind1=" " ind2=" ">
            <subfield code="5">751052219:140429271</subfield>
            <subfield code="a">751052219a/26484</subfield>
          </datafield>
          <datafield tag="917" ind1=" " ind2=" ">
            <subfield code="5">751052219:140429271</subfield>
            <subfield code="a">aaxx</subfield>
          </datafield>
          <datafield tag="930" ind1=" " ind2=" ">
            <subfield code="5">751052219:140429271</subfield>
            <subfield code="b">751052219</subfield>
            <subfield code="d">ma</subfield>
            <subfield code="a">HI 653</subfield>
            <subfield code="j">u</subfield>
          </datafield>
          <datafield tag="995" ind1=" " ind2=" ">
            <subfield code="5">751052219:140429271</subfield>
            <subfield code="a">ac-ph-c</subfield>
          </datafield>
          <datafield tag="999" ind1=" " ind2=" ">
            <subfield code="5">751052219:140429271</subfield>
            <subfield code="a">HI 653</subfield>
            <subfield code="b">751052219ma</subfield>
            <subfield code="d">1</subfield>
            <subfield code="e">1</subfield>
            <subfield code="x">751052219a/26484</subfield>
            <subfield code="z">ac-ph-c</subfield>
            <subfield code="5">04.05.2001/752102/ra3</subfield>
          </datafield>
        </record>
      </recordData>
      <recordPosition>91</recordPosition>
    </record>