
    <record>
      <recordSchema>dc</recordSchema>
      <recordPacking>xml</recordPacking>
      <recordData>
        <record xsi:schemaLocation="http://www.loc.gov/MARC21/slim http://www.loc.gov/standards/marcxml/schema/MARC21slim.xsd" xmlns="http://www.loc.gov/MARC21/slim" xmlns:xsi="http://www.w3.org/2001/XMLSchema-instance">
          <leader>15824cam0 2203361   4500</leader>
          <controlfield tag="001">045269696</controlfield>
          <controlfield tag="005">20060405180225.000</controlfield>
          <datafield tag="010" ind1=" " ind2=" ">
            <subfield code="a">2-251-01411-X</subfield>
            <subfield code="b">rel</subfield>
            <subfield code="d">285 F</subfield>
          </datafield>
          <datafield tag="020" ind1=" " ind2=" ">
            <subfield code="a">FR</subfield>
            <subfield code="b">00003252</subfield>
          </datafield>
          <datafield tag="021" ind1=" " ind2=" ">
            <subfield code="a">FR</subfield>
            <subfield code="b">DL 99-18971 (D4)</subfield>
          </datafield>
          <datafield tag="035" ind1=" " ind2=" ">
            <subfield code="a">045799520</subfield>
          </datafield>
          <datafield tag="035" ind1=" " ind2=" ">
            <subfield code="a">061271551</subfield>
          </datafield>
          <datafield tag="035" ind1=" " ind2=" ">
            <subfield code="a">lm142875</subfield>
          </datafield>
          <datafield tag="035" ind1=" " ind2=" ">
            <subfield code="a">ubs39188</subfield>
          </datafield>
          <datafield tag="035" ind1=" " ind2=" ">
            <subfield code="a">ocm40929766</subfield>
          </datafield>
          <datafield tag="035" ind1=" " ind2=" ">
            <subfield code="a">cor0025851</subfield>
          </datafield>
          <datafield tag="035" ind1=" " ind2=" ">
            <subfield code="a">urouen8782</subfield>
          </datafield>
          <datafield tag="035" ind1=" " ind2=" ">
            <subfield code="a">sib1317776</subfield>
          </datafield>
          <datafield tag="035" ind1=" " ind2=" ">
            <subfield code="a">DYNIX-BUNAN-376443</subfield>
          </datafield>
          <datafield tag="035" ind1=" " ind2=" ">
            <subfield code="a">bua72845</subfield>
          </datafield>
          <datafield tag="035" ind1=" " ind2=" ">
            <subfield code="a">frBN024530530</subfield>
          </datafield>
          <datafield tag="035" ind1=" " ind2=" ">
            <subfield code="5">800212104</subfield>
            <subfield code="a">DYNIX-BUANG-260562</subfield>
          </datafield>
          <datafield tag="100" ind1=" " ind2=" ">
            <subfield code="a">20000411d1999    |||y0frey0103    ba</subfield>
          </datafield>
          <datafield tag="101" ind1="1" ind2=" ">
            <subfield code="a">fre</subfield>
            <subfield code="a">lat</subfield>
            <subfield code="c">lat</subfield>
          </datafield>
          <datafield tag="102" ind1=" " ind2=" ">
            <subfield code="a">BE</subfield>
          </datafield>
          <datafield tag="105" ind1=" " ind2=" ">
            <subfield code="a">a   zz  00|a|</subfield>
          </datafield>
          <datafield tag="106" ind1=" " ind2=" ">
            <subfield code="a">r</subfield>
          </datafield>
          <datafield tag="200" ind1="0" ind2=" ">
            <subfield code="a">Tragédies</subfield>
            <subfield code="h">Tome II</subfield>
            <subfield code="i">Oedipe, Agamemnon, Thyeste</subfield>
            <subfield code="b">Texte imprimé</subfield>
            <subfield code="f">Sénèque</subfield>
            <subfield code="g">texte établi et traduit par François-Régis Chaumartin,...</subfield>
          </datafield>
          <datafield tag="210" ind1=" " ind2=" ">
            <subfield code="a">Paris</subfield>
            <subfield code="c">les Belles lettres</subfield>
            <subfield code="d">1999</subfield>
            <subfield code="e">80-Abbeville</subfield>
            <subfield code="g">Impr. Paillart</subfield>
          </datafield>
          <datafield tag="215" ind1=" " ind2=" ">
            <subfield code="a">1 vol. (VIII-196 p., avec pagination double p. 12-49, 62-98 et 112-150</subfield>
            <subfield code="d">20 cm</subfield>
          </datafield>
          <datafield tag="225" ind1="2" ind2=" ">
            <subfield code="a">Collection des universités de France</subfield>
            <subfield code="i">Série latine</subfield>
            <subfield code="v">351</subfield>
          </datafield>
          <datafield tag="300" ind1=" " ind2=" ">
            <subfield code="a">Texte latin et trad. française en regard</subfield>
          </datafield>
          <datafield tag="302" ind1=" " ind2=" ">
            <subfield code="a">Texte latin avec la trad. française en regard</subfield>
          </datafield>
          <datafield tag="305" ind1=" " ind2=" ">
            <subfield code="a">Autre(s) tirage(s) : 2002</subfield>
          </datafield>
          <datafield tag="308" ind1=" " ind2=" ">
            <subfield code="a">ISSN de la coll. principale : 0184-7155</subfield>
          </datafield>
          <datafield tag="320" ind1=" " ind2=" ">
            <subfield code="a">Notes bibliogr.</subfield>
          </datafield>
          <datafield tag="327" ind1="1" ind2=" ">
            <subfield code="a">Oedipe</subfield>
            <subfield code="a">Agamemnon</subfield>
            <subfield code="a">Thyeste</subfield>
          </datafield>
          <datafield tag="345" ind1=" " ind2=" ">
            <subfield code="b">9782251014111</subfield>
          </datafield>
          <datafield tag="410" ind1=" " ind2=" ">
            <subfield code="9">3510</subfield>
            <subfield code="0">040505480</subfield>
            <subfield code="t">Collection des universités de France. Série latine</subfield>
            <subfield code="x">1275-4226</subfield>
            <subfield code="v">351</subfield>
          </datafield>
          <datafield tag="423" ind1=" " ind2=" ">
            <subfield code="t">Oedipe</subfield>
          </datafield>
          <datafield tag="423" ind1=" " ind2=" ">
            <subfield code="t">Agamemnon</subfield>
          </datafield>
          <datafield tag="423" ind1=" " ind2=" ">
            <subfield code="t">Thyeste</subfield>
          </datafield>
          <datafield tag="454" ind1=" " ind2=" ">
            <subfield code="t">Oedipus</subfield>
          </datafield>
          <datafield tag="454" ind1=" " ind2=" ">
            <subfield code="t">Agamemnon</subfield>
          </datafield>
          <datafield tag="454" ind1=" " ind2=" ">
            <subfield code="t">Thyestes</subfield>
          </datafield>
          <datafield tag="500" ind1=" " ind2=" ">
            <subfield code="3">034564950</subfield>
            <subfield code="a">Oedipe</subfield>
            <subfield code="m">latin-français</subfield>
            <subfield code="k">1999</subfield>
          </datafield>
          <datafield tag="500" ind1=" " ind2=" ">
            <subfield code="a">Agamemnon</subfield>
            <subfield code="m">latin-français</subfield>
            <subfield code="k">1999</subfield>
          </datafield>
          <datafield tag="500" ind1=" " ind2=" ">
            <subfield code="a">Thyeste</subfield>
            <subfield code="m">latin-français</subfield>
            <subfield code="k">1999</subfield>
          </datafield>
          <datafield tag="512" ind1=" " ind2=" ">
            <subfield code="a">Sénèque</subfield>
            <subfield code="e">Oedipe, Agamemnon, Thyeste</subfield>
          </datafield>
          <datafield tag="675" ind1=" " ind2=" ">
            <subfield code="a">822</subfield>
            <subfield code="v">Éd. 1967</subfield>
          </datafield>
          <datafield tag="676" ind1=" " ind2=" ">
            <subfield code="a">800</subfield>
          </datafield>
          <datafield tag="676" ind1=" " ind2=" ">
            <subfield code="5">800212104</subfield>
            <subfield code="a">878</subfield>
            <subfield code="f">SEN</subfield>
          </datafield>
          <datafield tag="676" ind1=" " ind2=" ">
            <subfield code="5">800212104</subfield>
            <subfield code="a">878</subfield>
            <subfield code="f">SEN</subfield>
          </datafield>
          <datafield tag="676" ind1=" " ind2=" ">
            <subfield code="5">800212104</subfield>
            <subfield code="a">870</subfield>
            <subfield code="f">SEN tra 2</subfield>
          </datafield>
          <datafield tag="676" ind1=" " ind2=" ">
            <subfield code="5">800212104</subfield>
            <subfield code="a">870</subfield>
            <subfield code="f">SEN</subfield>
          </datafield>
          <datafield tag="676" ind1=" " ind2=" ">
            <subfield code="5">800212104</subfield>
            <subfield code="a">878</subfield>
            <subfield code="f">SEN</subfield>
          </datafield>
          <datafield tag="676" ind1=" " ind2=" ">
            <subfield code="5">800212104</subfield>
            <subfield code="a">872</subfield>
            <subfield code="f">SEN</subfield>
          </datafield>
          <datafield tag="676" ind1=" " ind2=" ">
            <subfield code="5">800212104</subfield>
            <subfield code="a">878</subfield>
            <subfield code="f">SEN tra</subfield>
          </datafield>
          <datafield tag="676" ind1=" " ind2=" ">
            <subfield code="5">800212104</subfield>
            <subfield code="a">878</subfield>
            <subfield code="f">SEN</subfield>
          </datafield>
          <datafield tag="700" ind1=" " ind2="1">
            <subfield code="3">026670984</subfield>
            <subfield code="a">Sénèque</subfield>
            <subfield code="f">0004 av. J.-C.-0065</subfield>
            <subfield code="4">070</subfield>
          </datafield>
          <datafield tag="702" ind1=" " ind2="1">
            <subfield code="3">028742966</subfield>
            <subfield code="a">Chaumartin</subfield>
            <subfield code="b">François-Régis</subfield>
            <subfield code="4">730</subfield>
            <subfield code="4">340</subfield>
          </datafield>
          <datafield tag="801" ind1=" " ind2="3">
            <subfield code="a">FR</subfield>
            <subfield code="b">Abes</subfield>
            <subfield code="c">20060405</subfield>
            <subfield code="g">AFNOR</subfield>
          </datafield>
          <datafield tag="801" ind1=" " ind2="1">
            <subfield code="a">US</subfield>
            <subfield code="b">OCLC</subfield>
            <subfield code="c">20060405</subfield>
            <subfield code="g">AACR2</subfield>
          </datafield>
          <datafield tag="801" ind1=" " ind2="2">
            <subfield code="a">FR</subfield>
            <subfield code="b">AUROC</subfield>
            <subfield code="c">20060405</subfield>
            <subfield code="g">AFNOR</subfield>
          </datafield>
          <datafield tag="801" ind1=" " ind2="3">
            <subfield code="a">FR</subfield>
            <subfield code="b">SF</subfield>
            <subfield code="c">20060405</subfield>
            <subfield code="g">AFNOR</subfield>
          </datafield>
          <datafield tag="801" ind1=" " ind2="3">
            <subfield code="a">FR</subfield>
            <subfield code="b">BN</subfield>
            <subfield code="c">20060405</subfield>
            <subfield code="g">AFNOR</subfield>
          </datafield>
          <datafield tag="801" ind1=" " ind2="3">
            <subfield code="a">FR</subfield>
            <subfield code="b">SCD Le Mans</subfield>
            <subfield code="g">AFNOR</subfield>
          </datafield>
          <datafield tag="801" ind1=" " ind2="1">
            <subfield code="a">FR</subfield>
            <subfield code="b">UBS</subfield>
            <subfield code="c">20010116</subfield>
            <subfield code="g">AFNOR</subfield>
          </datafield>
          <datafield tag="915" ind1=" " ind2=" ">
            <subfield code="5">800212104:102672121</subfield>
            <subfield code="a">U/L 1999-2483</subfield>
          </datafield>
          <datafield tag="917" ind1=" " ind2=" ">
            <subfield code="5">800212104:102672121</subfield>
            <subfield code="a">aaxx</subfield>
          </datafield>
          <datafield tag="930" ind1=" " ind2=" ">
            <subfield code="5">800212104:102672121</subfield>
            <subfield code="b">800212104</subfield>
            <subfield code="e">FIPL</subfield>
            <subfield code="j">u</subfield>
          </datafield>
          <datafield tag="999" ind1=" " ind2=" ">
            <subfield code="5">800212104:102672121</subfield>
            <subfield code="z">U/L 1999-2483</subfield>
          </datafield>
          <datafield tag="915" ind1=" " ind2=" ">
            <subfield code="5">800212104:10267213X</subfield>
            <subfield code="a">Z/X 15/147,2</subfield>
          </datafield>
          <datafield tag="917" ind1=" " ind2=" ">
            <subfield code="5">800212104:10267213X</subfield>
            <subfield code="a">aaxx</subfield>
          </datafield>
          <datafield tag="930" ind1=" " ind2=" ">
            <subfield code="5">800212104:10267213X</subfield>
            <subfield code="b">800212104</subfield>
            <subfield code="e">FIPL</subfield>
            <subfield code="j">u</subfield>
          </datafield>
          <datafield tag="999" ind1=" " ind2=" ">
            <subfield code="5">800212104:10267213X</subfield>
            <subfield code="z">Z/X 15/147,2</subfield>
          </datafield>
          <datafield tag="930" ind1=" " ind2=" ">
            <subfield code="5">490072106:203048873</subfield>
            <subfield code="b">490072106</subfield>
            <subfield code="a">87 100 SEN 086809</subfield>
            <subfield code="j">s</subfield>
          </datafield>
          <datafield tag="930" ind1=" " ind2=" ">
            <subfield code="5">620412103:194852636</subfield>
            <subfield code="b">620412103</subfield>
            <subfield code="c">Fonds général</subfield>
            <subfield code="d">Libre accès</subfield>
            <subfield code="a">872 SEN 2</subfield>
            <subfield code="j">u</subfield>
          </datafield>
          <datafield tag="917" ind1=" " ind2=" ">
            <subfield code="5">840072101:102672148</subfield>
            <subfield code="a">abxx</subfield>
          </datafield>
          <datafield tag="930" ind1=" " ind2=" ">
            <subfield code="5">840072101:102672148</subfield>
            <subfield code="b">840072101</subfield>
            <subfield code="e">FAVL</subfield>
            <subfield code="j">u</subfield>
          </datafield>
          <datafield tag="915" ind1=" " ind2=" ">
            <subfield code="5">335222103:107007770</subfield>
            <subfield code="a">335222103a/711485+3</subfield>
          </datafield>
          <datafield tag="917" ind1=" " ind2=" ">
            <subfield code="5">335222103:107007770</subfield>
            <subfield code="a">aaxx</subfield>
          </datafield>
          <datafield tag="930" ind1=" " ind2=" ">
            <subfield code="5">335222103:107007770</subfield>
            <subfield code="b">335222103</subfield>
            <subfield code="d">c</subfield>
            <subfield code="a">871(08)Col SEN Tra =N</subfield>
            <subfield code="j">u</subfield>
            <subfield code="2">CDU</subfield>
          </datafield>
          <datafield tag="992" ind1=" " ind2=" ">
            <subfield code="5">335222103:107007770</subfield>
            <subfield code="a">ublxf</subfield>
          </datafield>
          <datafield tag="999" ind1=" " ind2=" ">
            <subfield code="5">335222103:107007770</subfield>
            <subfield code="a">XF 5577-2</subfield>
            <subfield code="b">335222103c</subfield>
            <subfield code="d">1</subfield>
            <subfield code="e">1</subfield>
            <subfield code="1">cdu-bl</subfield>
            <subfield code="c">871(08)Col SEN Tra =N</subfield>
            <subfield code="x">335222103a/711485+3</subfield>
            <subfield code="u">blxf</subfield>
            <subfield code="5">10.03.1999/332103/sf</subfield>
          </datafield>
          <datafield tag="915" ind1=" " ind2=" ">
            <subfield code="5">335222103:107007789</subfield>
            <subfield code="a">335222103a/711485</subfield>
          </datafield>
          <datafield tag="917" ind1=" " ind2=" ">
            <subfield code="5">335222103:107007789</subfield>
            <subfield code="a">aaxx</subfield>
          </datafield>
          <datafield tag="930" ind1=" " ind2=" ">
            <subfield code="5">335222103:107007789</subfield>
            <subfield code="b">335222103</subfield>
            <subfield code="d">d</subfield>
            <subfield code="a">871(08)Col SEN Tra = XF</subfield>
            <subfield code="j">u</subfield>
            <subfield code="2">CDU</subfield>
          </datafield>
          <datafield tag="992" ind1=" " ind2=" ">
            <subfield code="5">335222103:107007789</subfield>
            <subfield code="a">ublxf</subfield>
          </datafield>
          <datafield tag="999" ind1=" " ind2=" ">
            <subfield code="5">335222103:107007789</subfield>
            <subfield code="a">XF 5578-2</subfield>
            <subfield code="b">335222103d</subfield>
            <subfield code="d">2</subfield>
            <subfield code="e">1</subfield>
            <subfield code="1">cdu-bl</subfield>
            <subfield code="c">871(08)Col SEN Tra = XF</subfield>
            <subfield code="x">335222103a/711485</subfield>
            <subfield code="u">blxf</subfield>
            <subfield code="5">10.03.1999/332103/sf</subfield>
          </datafield>
          <datafield tag="915" ind1=" " ind2=" ">
            <subfield code="5">335222108:107007797</subfield>
            <subfield code="a">335222210a/713857</subfield>
          </datafield>
          <datafield tag="917" ind1=" " ind2=" ">
            <subfield code="5">335222108:107007797</subfield>
            <subfield code="a">aaxx</subfield>
          </datafield>
          <datafield tag="930" ind1=" " ind2=" ">
            <subfield code="5">335222108:107007797</subfield>
            <subfield code="b">335222108</subfield>
            <subfield code="d">l</subfield>
            <subfield code="a">871 SEN TRA</subfield>
            <subfield code="j">u</subfield>
            <subfield code="2">CDU</subfield>
          </datafield>
          <datafield tag="992" ind1=" " ind2=" ">
            <subfield code="5">335222108:107007797</subfield>
            <subfield code="a">ubflt</subfield>
          </datafield>
          <datafield tag="999" ind1=" " ind2=" ">
            <subfield code="5">335222108:107007797</subfield>
            <subfield code="a">LE 6237</subfield>
            <subfield code="b">335222210l</subfield>
            <subfield code="d">1</subfield>
            <subfield code="e">1</subfield>
            <subfield code="1">cdu-bf</subfield>
            <subfield code="c">871 SEN TRA</subfield>
            <subfield code="x">335222210a/713857</subfield>
            <subfield code="u">bflt</subfield>
            <subfield code="5">18.03.1999/332210/poa</subfield>
          </datafield>
          <datafield tag="930" ind1=" " ind2=" ">
            <subfield code="5">335222205:17123247X</subfield>
            <subfield code="b">335222205</subfield>
            <subfield code="a">S SEN/310(2)</subfield>
            <subfield code="j">g</subfield>
          </datafield>
          <datafield tag="930" ind1=" " ind2=" ">
            <subfield code="5">335222110:186223730</subfield>
            <subfield code="b">335222110</subfield>
            <subfield code="a">BL 870 SEN t</subfield>
            <subfield code="j">g</subfield>
          </datafield>
          <datafield tag="915" ind1=" " ind2=" ">
            <subfield code="5">290192101:102672156</subfield>
            <subfield code="a">L/1795318</subfield>
          </datafield>
          <datafield tag="917" ind1=" " ind2=" ">
            <subfield code="5">290192101:102672156</subfield>
            <subfield code="a">aaxx</subfield>
          </datafield>
          <datafield tag="930" ind1=" " ind2=" ">
            <subfield code="5">290192101:102672156</subfield>
            <subfield code="b">290192101</subfield>
            <subfield code="e">BRUL</subfield>
            <subfield code="a">870 SEN T</subfield>
            <subfield code="j">u</subfield>
          </datafield>
          <datafield tag="999" ind1=" " ind2=" ">
            <subfield code="5">290192101:102672156</subfield>
            <subfield code="z">L/1795318</subfield>
          </datafield>
          <datafield tag="915" ind1=" " ind2=" ">
            <subfield code="5">561212106:153389893</subfield>
            <subfield code="b">1290368612</subfield>
          </datafield>
          <datafield tag="930" ind1=" " ind2=" ">
            <subfield code="5">561212106:153389893</subfield>
            <subfield code="b">561212106</subfield>
            <subfield code="j">u</subfield>
          </datafield>
          <datafield tag="915" ind1=" " ind2=" ">
            <subfield code="5">141182202:250153246</subfield>
            <subfield code="b">6010443609</subfield>
            <subfield code="c">LIT</subfield>
            <subfield code="d">05273</subfield>
          </datafield>
          <datafield tag="917" ind1=" " ind2=" ">
            <subfield code="5">141182202:250153246</subfield>
            <subfield code="a">aaaa</subfield>
          </datafield>
          <datafield tag="930" ind1=" " ind2=" ">
            <subfield code="5">141182202:250153246</subfield>
            <subfield code="b">141182202</subfield>
            <subfield code="d">BUSH</subfield>
            <subfield code="l">SHLIT</subfield>
            <subfield code="a">880 SEN TR/2</subfield>
            <subfield code="j">u</subfield>
          </datafield>
          <datafield tag="915" ind1=" " ind2=" ">
            <subfield code="5">731372101:102672164</subfield>
            <subfield code="a">L/N L20459</subfield>
          </datafield>
          <datafield tag="917" ind1=" " ind2=" ">
            <subfield code="5">731372101:102672164</subfield>
            <subfield code="a">aaxx</subfield>
          </datafield>
          <datafield tag="930" ind1=" " ind2=" ">
            <subfield code="5">731372101:102672164</subfield>
            <subfield code="b">731372101</subfield>
            <subfield code="e">FSDL</subfield>
            <subfield code="j">u</subfield>
          </datafield>
          <datafield tag="999" ind1=" " ind2=" ">
            <subfield code="5">731372101:102672164</subfield>
            <subfield code="z">L/N L20459</subfield>
          </datafield>
          <datafield tag="930" ind1=" " ind2=" ">
            <subfield code="5">200962101:173727263</subfield>
            <subfield code="b">200962101</subfield>
            <subfield code="a">872,SEN,2/,40807</subfield>
            <subfield code="j">u</subfield>
          </datafield>
          <datafield tag="917" ind1=" " ind2=" ">
            <subfield code="5">212312101:126900809</subfield>
            <subfield code="a">aaxx</subfield>
          </datafield>
          <datafield tag="930" ind1=" " ind2=" ">
            <subfield code="5">212312101:126900809</subfield>
            <subfield code="b">212312101</subfield>
            <subfield code="a">872/1005/2*BU/DL</subfield>
            <subfield code="j">u</subfield>
          </datafield>
          <datafield tag="999" ind1=" " ind2=" ">
            <subfield code="5">212312101:126900809</subfield>
            <subfield code="c">BU</subfield>
            <subfield code="d">DIJO01</subfield>
            <subfield code="a">872/1005/2*BU/DL</subfield>
          </datafield>
          <datafield tag="915" ind1=" " ind2=" ">
            <subfield code="5">384212101:107007800</subfield>
            <subfield code="a">384212101a/</subfield>
          </datafield>
          <datafield tag="917" ind1=" " ind2=" ">
            <subfield code="5">384212101:107007800</subfield>
            <subfield code="a">aaxx</subfield>
          </datafield>
          <datafield tag="930" ind1=" " ind2=" ">
            <subfield code="5">384212101:107007800</subfield>
            <subfield code="b">384212101</subfield>
            <subfield code="d">m</subfield>
            <subfield code="a">RCO 53609/33/6/BIS/2</subfield>
            <subfield code="j">u</subfield>
          </datafield>
          <datafield tag="999" ind1=" " ind2=" ">
            <subfield code="5">384212101:107007800</subfield>
            <subfield code="a">RCO 53609/33/6/BIS/2</subfield>
            <subfield code="b">384212101m</subfield>
            <subfield code="d">1</subfield>
            <subfield code="e">1</subfield>
            <subfield code="x">384212101a</subfield>
            <subfield code="p">179845</subfield>
            <subfield code="5">16.06.1999/382101/sco</subfield>
          </datafield>
          <datafield tag="915" ind1=" " ind2=" ">
            <subfield code="5">384212101:107007819</subfield>
            <subfield code="a">384212101a/</subfield>
          </datafield>
          <datafield tag="917" ind1=" " ind2=" ">
            <subfield code="5">384212101:107007819</subfield>
            <subfield code="a">abxx</subfield>
          </datafield>
          <datafield tag="930" ind1=" " ind2=" ">
            <subfield code="5">384212101:107007819</subfield>
            <subfield code="b">384212101</subfield>
            <subfield code="d">us</subfield>
            <subfield code="a">871 BUDE 02</subfield>
            <subfield code="j">i</subfield>
            <subfield code="2">CDU</subfield>
          </datafield>
          <datafield tag="999" ind1=" " ind2=" ">
            <subfield code="5">384212101:107007819</subfield>
            <subfield code="a">RCO 54515/33/6/BIS/2</subfield>
            <subfield code="b">384212101us</subfield>
            <subfield code="d">1</subfield>
            <subfield code="e">1</subfield>
            <subfield code="1">cdu-gl</subfield>
            <subfield code="c">871 BUDE 02</subfield>
            <subfield code="x">384212101a</subfield>
            <subfield code="p">179845</subfield>
            <subfield code="5">16.06.1999/382101/sco</subfield>
          </datafield>
          <datafield tag="915" ind1=" " ind2=" ">
            <subfield code="5">721812108:115051783</subfield>
            <subfield code="a">A084097</subfield>
          </datafield>
          <datafield tag="917" ind1=" " ind2=" ">
            <subfield code="5">721812108:115051783</subfield>
            <subfield code="a">aaxx</subfield>
          </datafield>
          <datafield tag="930" ind1=" " ind2=" ">
            <subfield code="5">721812108:115051783</subfield>
            <subfield code="b">721812108</subfield>
            <subfield code="a">878 SEN</subfield>
            <subfield code="j">u</subfield>
          </datafield>
          <datafield tag="915" ind1=" " ind2=" ">
            <subfield code="5">590092233:188557458</subfield>
            <subfield code="a">99531</subfield>
            <subfield code="b">6000009712</subfield>
          </datafield>
          <datafield tag="917" ind1=" " ind2=" ">
            <subfield code="5">590092233:188557458</subfield>
            <subfield code="a">abbc</subfield>
          </datafield>
          <datafield tag="930" ind1=" " ind2=" ">
            <subfield code="5">590092233:188557458</subfield>
            <subfield code="b">590092233</subfield>
            <subfield code="a">J. Sen. Trag. 2 a</subfield>
            <subfield code="j">g</subfield>
          </datafield>
          <datafield tag="999" ind1=" " ind2=" ">
            <subfield code="5">590092233:188557458</subfield>
            <subfield code="a">6EXCMAG</subfield>
            <subfield code="b">6TXTLA</subfield>
          </datafield>
          <datafield tag="915" ind1=" " ind2=" ">
            <subfield code="5">590092101:188557466</subfield>
            <subfield code="a">44.665-147-2</subfield>
            <subfield code="b">0214647447</subfield>
          </datafield>
          <datafield tag="917" ind1=" " ind2=" ">
            <subfield code="5">590092101:188557466</subfield>
            <subfield code="a">aaax</subfield>
          </datafield>
          <datafield tag="930" ind1=" " ind2=" ">
            <subfield code="5">590092101:188557466</subfield>
            <subfield code="b">590092101</subfield>
            <subfield code="a">870 SEN</subfield>
            <subfield code="j">u</subfield>
          </datafield>
          <datafield tag="999" ind1=" " ind2=" ">
            <subfield code="5">590092101:188557466</subfield>
            <subfield code="a">0LIA</subfield>
            <subfield code="b">0LLA</subfield>
          </datafield>
          <datafield tag="915" ind1=" " ind2=" ">
            <subfield code="5">590092101:188557474</subfield>
            <subfield code="a">43.897-150-2</subfield>
            <subfield code="b">0214647454</subfield>
          </datafield>
          <datafield tag="917" ind1=" " ind2=" ">
            <subfield code="5">590092101:188557474</subfield>
            <subfield code="a">aaax</subfield>
          </datafield>
          <datafield tag="930" ind1=" " ind2=" ">
            <subfield code="5">590092101:188557474</subfield>
            <subfield code="b">590092101</subfield>
            <subfield code="a">43.897-150-2</subfield>
            <subfield code="j">u</subfield>
          </datafield>
          <datafield tag="999" ind1=" " ind2=" ">
            <subfield code="5">590092101:188557474</subfield>
            <subfield code="a">0LIM</subfield>
            <subfield code="b">0MAG</subfield>
          </datafield>
          <datafield tag="917" ind1=" " ind2=" ">
            <subfield code="5">591832101:251021505</subfield>
            <subfield code="a">aaxx</subfield>
          </datafield>
          <datafield tag="930" ind1=" " ind2=" ">
            <subfield code="5">591832101:251021505</subfield>
            <subfield code="b">591832101</subfield>
            <subfield code="c">BU DUNKERQUE</subfield>
            <subfield code="d">MAGASIN</subfield>
            <subfield code="a">870 SEN T2</subfield>
            <subfield code="j">u</subfield>
          </datafield>
          <datafield tag="917" ind1=" " ind2=" ">
            <subfield code="5">621602101:251021513</subfield>
            <subfield code="a">aaxx</subfield>
          </datafield>
          <datafield tag="930" ind1=" " ind2=" ">
            <subfield code="5">621602101:251021513</subfield>
            <subfield code="b">621602101</subfield>
            <subfield code="c">BU BOULOGNE</subfield>
            <subfield code="d">SALLE BASSE</subfield>
            <subfield code="a">870 SEN T</subfield>
            <subfield code="j">u</subfield>
          </datafield>
          <datafield tag="930" ind1=" " ind2=" ">
            <subfield code="5">690292101:198511744</subfield>
            <subfield code="b">690292101</subfield>
            <subfield code="j">u</subfield>
          </datafield>
          <datafield tag="930" ind1=" " ind2=" ">
            <subfield code="5">693872102:185091679</subfield>
            <subfield code="b">693872102</subfield>
            <subfield code="j">u</subfield>
          </datafield>
          <datafield tag="915" ind1=" " ind2=" ">
            <subfield code="5">693872101:158259610</subfield>
            <subfield code="b">20024910</subfield>
          </datafield>
          <datafield tag="930" ind1=" " ind2=" ">
            <subfield code="5">693872101:158259610</subfield>
            <subfield code="b">693872101</subfield>
            <subfield code="a">870.900 1 SEN</subfield>
            <subfield code="j">u</subfield>
          </datafield>
          <datafield tag="915" ind1=" " ind2=" ">
            <subfield code="5">574632105:102672172</subfield>
            <subfield code="a">N/6116L</subfield>
          </datafield>
          <datafield tag="917" ind1=" " ind2=" ">
            <subfield code="5">574632105:102672172</subfield>
            <subfield code="a">aaxx</subfield>
          </datafield>
          <datafield tag="930" ind1=" " ind2=" ">
            <subfield code="5">574632105:102672172</subfield>
            <subfield code="b">574632105</subfield>
            <subfield code="e">ERMA</subfield>
            <subfield code="a">871(02) BUD</subfield>
            <subfield code="j">u</subfield>
          </datafield>
          <datafield tag="999" ind1=" " ind2=" ">
            <subfield code="5">574632105:102672172</subfield>
            <subfield code="z">N/6116L</subfield>
          </datafield>
          <datafield tag="915" ind1=" " ind2=" ">
            <subfield code="5">341722103:107007827</subfield>
            <subfield code="a">341722103a/711724</subfield>
          </datafield>
          <datafield tag="917" ind1=" " ind2=" ">
            <subfield code="5">341722103:107007827</subfield>
            <subfield code="a">aaxx</subfield>
          </datafield>
          <datafield tag="930" ind1=" " ind2=" ">
            <subfield code="5">341722103:107007827</subfield>
            <subfield code="b">341722103</subfield>
            <subfield code="d">a</subfield>
            <subfield code="a">XF 54-42-6-2+A</subfield>
            <subfield code="j">u</subfield>
          </datafield>
          <datafield tag="999" ind1=" " ind2=" ">
            <subfield code="5">341722103:107007827</subfield>
            <subfield code="a">XF 54-42-6-2+A</subfield>
            <subfield code="b">341722103a</subfield>
            <subfield code="d">1</subfield>
            <subfield code="e">1</subfield>
            <subfield code="x">341722103a/711724</subfield>
            <subfield code="5">13.12.1999/342103/io</subfield>
          </datafield>
          <datafield tag="915" ind1=" " ind2=" ">
            <subfield code="5">341722103:107007835</subfield>
            <subfield code="a">341722103a/711718</subfield>
          </datafield>
          <datafield tag="917" ind1=" " ind2=" ">
            <subfield code="5">341722103:107007835</subfield>
            <subfield code="a">abxx</subfield>
          </datafield>
          <datafield tag="930" ind1=" " ind2=" ">
            <subfield code="5">341722103:107007835</subfield>
            <subfield code="b">341722103</subfield>
            <subfield code="d">b</subfield>
            <subfield code="a">XF 53-42-6-2+A</subfield>
            <subfield code="j">i</subfield>
          </datafield>
          <datafield tag="999" ind1=" " ind2=" ">
            <subfield code="5">341722103:107007835</subfield>
            <subfield code="a">XF 53-42-6-2+A</subfield>
            <subfield code="b">341722103b</subfield>
            <subfield code="d">1</subfield>
            <subfield code="e">1</subfield>
            <subfield code="x">341722103a/711718</subfield>
            <subfield code="5">13.12.1999/342103/io</subfield>
          </datafield>
          <datafield tag="930" ind1=" " ind2=" ">
            <subfield code="5">301892102:183149157</subfield>
            <subfield code="b">301892102</subfield>
            <subfield code="a">872 SEN 2</subfield>
            <subfield code="j">u</subfield>
          </datafield>
          <datafield tag="915" ind1=" " ind2=" ">
            <subfield code="5">682242101:102672180</subfield>
            <subfield code="a">T/44664</subfield>
          </datafield>
          <datafield tag="917" ind1=" " ind2=" ">
            <subfield code="5">682242101:102672180</subfield>
            <subfield code="a">aaxx</subfield>
          </datafield>
          <datafield tag="930" ind1=" " ind2=" ">
            <subfield code="5">682242101:102672180</subfield>
            <subfield code="b">682242101</subfield>
            <subfield code="e">FHAL</subfield>
            <subfield code="a">871 SEN BUHA</subfield>
            <subfield code="j">u</subfield>
          </datafield>
          <datafield tag="999" ind1=" " ind2=" ">
            <subfield code="5">682242101:102672180</subfield>
            <subfield code="z">T/44664</subfield>
          </datafield>
          <datafield tag="915" ind1=" " ind2=" ">
            <subfield code="5">441092102:181140071</subfield>
            <subfield code="a">0083298008</subfield>
            <subfield code="b">0083298008</subfield>
          </datafield>
          <datafield tag="930" ind1=" " ind2=" ">
            <subfield code="5">441092102:181140071</subfield>
            <subfield code="b">441092102</subfield>
            <subfield code="a">870 CUF SEN</subfield>
            <subfield code="j">u</subfield>
          </datafield>
          <datafield tag="917" ind1=" " ind2=" ">
            <subfield code="5">452342103:099488779</subfield>
            <subfield code="a">aaxx</subfield>
          </datafield>
          <datafield tag="930" ind1=" " ind2=" ">
            <subfield code="5">452342103:099488779</subfield>
            <subfield code="b">452342103</subfield>
            <subfield code="a">L 99-548</subfield>
            <subfield code="j">u</subfield>
          </datafield>
          <datafield tag="999" ind1=" " ind2=" ">
            <subfield code="5">452342103:099488779</subfield>
            <subfield code="c">BU</subfield>
            <subfield code="d">ORLE03</subfield>
            <subfield code="a">L 99-548</subfield>
          </datafield>
          <datafield tag="915" ind1=" " ind2=" ">
            <subfield code="5">644452101:107007843</subfield>
            <subfield code="a">644452101a/16802</subfield>
          </datafield>
          <datafield tag="917" ind1=" " ind2=" ">
            <subfield code="5">644452101:107007843</subfield>
            <subfield code="a">aaxx</subfield>
          </datafield>
          <datafield tag="930" ind1=" " ind2=" ">
            <subfield code="5">644452101:107007843</subfield>
            <subfield code="b">644452101</subfield>
            <subfield code="d">sl</subfield>
            <subfield code="a">871 SEN 2</subfield>
            <subfield code="j">u</subfield>
            <subfield code="2">CDU</subfield>
          </datafield>
          <datafield tag="992" ind1=" " ind2=" ">
            <subfield code="5">644452101:107007843</subfield>
            <subfield code="a">uulc</subfield>
          </datafield>
          <datafield tag="999" ind1=" " ind2=" ">
            <subfield code="5">644452101:107007843</subfield>
            <subfield code="a">ULC 21.2-351</subfield>
            <subfield code="b">644452101sl</subfield>
            <subfield code="d">1</subfield>
            <subfield code="e">1</subfield>
            <subfield code="1">cdu-ul</subfield>
            <subfield code="c">871 SEN 2</subfield>
            <subfield code="x">644452101a/16802</subfield>
            <subfield code="u">ulc</subfield>
            <subfield code="5">06.04.1999/642101/ntm</subfield>
          </datafield>
          <datafield tag="915" ind1=" " ind2=" ">
            <subfield code="5">861942101:107007851</subfield>
            <subfield code="a">861942101a/</subfield>
            <subfield code="b">0319633</subfield>
          </datafield>
          <datafield tag="917" ind1=" " ind2=" ">
            <subfield code="5">861942101:107007851</subfield>
            <subfield code="a">aaxx</subfield>
          </datafield>
          <datafield tag="930" ind1=" " ind2=" ">
            <subfield code="5">861942101:107007851</subfield>
            <subfield code="b">861942101</subfield>
            <subfield code="d">a</subfield>
            <subfield code="a">XF 230543-II-351</subfield>
            <subfield code="j">u</subfield>
          </datafield>
          <datafield tag="992" ind1=" " ind2=" ">
            <subfield code="5">861942101:107007851</subfield>
            <subfield code="a">uolxf</subfield>
          </datafield>
          <datafield tag="999" ind1=" " ind2=" ">
            <subfield code="5">861942101:107007851</subfield>
            <subfield code="a">XF 230543-II-351</subfield>
            <subfield code="b">861942101a</subfield>
            <subfield code="d">1</subfield>
            <subfield code="e">1</subfield>
            <subfield code="x">861942101a</subfield>
            <subfield code="u">olxf</subfield>
            <subfield code="y">0319633</subfield>
            <subfield code="5">26.03.1999/862101/sap</subfield>
          </datafield>
          <datafield tag="915" ind1=" " ind2=" ">
            <subfield code="5">514542102:102672199</subfield>
            <subfield code="a">L/LE993866</subfield>
          </datafield>
          <datafield tag="917" ind1=" " ind2=" ">
            <subfield code="5">514542102:102672199</subfield>
            <subfield code="a">aaxx</subfield>
          </datafield>
          <datafield tag="930" ind1=" " ind2=" ">
            <subfield code="5">514542102:102672199</subfield>
            <subfield code="b">514542102</subfield>
            <subfield code="e">FHRB</subfield>
            <subfield code="j">u</subfield>
          </datafield>
          <datafield tag="999" ind1=" " ind2=" ">
            <subfield code="5">514542102:102672199</subfield>
            <subfield code="z">L/LE993866</subfield>
          </datafield>
          <datafield tag="915" ind1=" " ind2=" ">
            <subfield code="5">764512101:176524045</subfield>
            <subfield code="b">0021648577</subfield>
          </datafield>
          <datafield tag="930" ind1=" " ind2=" ">
            <subfield code="5">764512101:176524045</subfield>
            <subfield code="b">764512101</subfield>
            <subfield code="a">871(082) CUF</subfield>
            <subfield code="j">u</subfield>
          </datafield>
          <datafield tag="917" ind1=" " ind2=" ">
            <subfield code="5">422182101:099488787</subfield>
            <subfield code="a">aaxx</subfield>
          </datafield>
          <datafield tag="930" ind1=" " ind2=" ">
            <subfield code="5">422182101:099488787</subfield>
            <subfield code="b">422182101</subfield>
            <subfield code="j">u</subfield>
          </datafield>
          <datafield tag="999" ind1=" " ind2=" ">
            <subfield code="5">422182101:099488787</subfield>
            <subfield code="c">BU</subfield>
            <subfield code="d">STET21</subfield>
            <subfield code="a">875 SEN 3</subfield>
          </datafield>
          <datafield tag="917" ind1=" " ind2=" ">
            <subfield code="5">422182101:151690820</subfield>
            <subfield code="a">aaxx</subfield>
          </datafield>
          <datafield tag="930" ind1=" " ind2=" ">
            <subfield code="5">422182101:151690820</subfield>
            <subfield code="b">422182101</subfield>
            <subfield code="j">u</subfield>
          </datafield>
          <datafield tag="999" ind1=" " ind2=" ">
            <subfield code="5">422182101:151690820</subfield>
            <subfield code="c">BU</subfield>
            <subfield code="d">STET21</subfield>
            <subfield code="a">871 SEN 3</subfield>
          </datafield>
          <datafield tag="915" ind1=" " ind2=" ">
            <subfield code="5">674821001:111711061</subfield>
            <subfield code="a">M/C.500.338,19,4,2A</subfield>
          </datafield>
          <datafield tag="917" ind1=" " ind2=" ">
            <subfield code="5">674821001:111711061</subfield>
            <subfield code="a">aaxx</subfield>
          </datafield>
          <datafield tag="930" ind1=" " ind2=" ">
            <subfield code="5">674821001:111711061</subfield>
            <subfield code="b">674821001</subfield>
            <subfield code="e">FBFA</subfield>
            <subfield code="j">u</subfield>
          </datafield>
          <datafield tag="999" ind1=" " ind2=" ">
            <subfield code="5">674821001:111711061</subfield>
            <subfield code="z">M/C.500.338,19,4,2A</subfield>
          </datafield>
          <datafield tag="915" ind1=" " ind2=" ">
            <subfield code="5">674821001:11171107X</subfield>
            <subfield code="a">Q/C.500.310,19,4,2A</subfield>
          </datafield>
          <datafield tag="917" ind1=" " ind2=" ">
            <subfield code="5">674821001:11171107X</subfield>
            <subfield code="a">aaxx</subfield>
          </datafield>
          <datafield tag="930" ind1=" " ind2=" ">
            <subfield code="5">674821001:11171107X</subfield>
            <subfield code="b">674821001</subfield>
            <subfield code="e">FBFA</subfield>
            <subfield code="j">u</subfield>
          </datafield>
          <datafield tag="999" ind1=" " ind2=" ">
            <subfield code="5">674821001:11171107X</subfield>
            <subfield code="z">Q/C.500.310,19,4,2A</subfield>
            <subfield code="g">ARM.C.2,SEN</subfield>
          </datafield>
          <datafield tag="915" ind1=" " ind2=" ">
            <subfield code="5">315552102:10700786X</subfield>
            <subfield code="a">315552102a/713818</subfield>
            <subfield code="b">0TOL0237748</subfield>
          </datafield>
          <datafield tag="917" ind1=" " ind2=" ">
            <subfield code="5">315552102:10700786X</subfield>
            <subfield code="a">abxx</subfield>
          </datafield>
          <datafield tag="930" ind1=" " ind2=" ">
            <subfield code="5">315552102:10700786X</subfield>
            <subfield code="b">315552102</subfield>
            <subfield code="d">x</subfield>
            <subfield code="a">XF 2020-78-2</subfield>
            <subfield code="j">i</subfield>
          </datafield>
          <datafield tag="992" ind1=" " ind2=" ">
            <subfield code="5">315552102:10700786X</subfield>
            <subfield code="a">utlla</subfield>
          </datafield>
          <datafield tag="999" ind1=" " ind2=" ">
            <subfield code="5">315552102:10700786X</subfield>
            <subfield code="a">XF 2020-78-2</subfield>
            <subfield code="b">315552102x</subfield>
            <subfield code="d">1</subfield>
            <subfield code="e">1</subfield>
            <subfield code="x">315552102a/713818</subfield>
            <subfield code="u">tlla</subfield>
            <subfield code="y">0TOL0237748</subfield>
            <subfield code="5">25.03.1999/312102/jlc</subfield>
          </datafield>
          <datafield tag="915" ind1=" " ind2=" ">
            <subfield code="5">315552102:107007878</subfield>
            <subfield code="a">315552102a/713818</subfield>
            <subfield code="b">0TOL0237749</subfield>
          </datafield>
          <datafield tag="917" ind1=" " ind2=" ">
            <subfield code="5">315552102:107007878</subfield>
            <subfield code="a">aaxx</subfield>
          </datafield>
          <datafield tag="930" ind1=" " ind2=" ">
            <subfield code="5">315552102:107007878</subfield>
            <subfield code="b">315552102</subfield>
            <subfield code="d">a</subfield>
            <subfield code="a">XF 2022-78-2</subfield>
            <subfield code="j">u</subfield>
          </datafield>
          <datafield tag="992" ind1=" " ind2=" ">
            <subfield code="5">315552102:107007878</subfield>
            <subfield code="a">utlla</subfield>
          </datafield>
          <datafield tag="999" ind1=" " ind2=" ">
            <subfield code="5">315552102:107007878</subfield>
            <subfield code="a">XF 2022-78-2</subfield>
            <subfield code="b">315552102a</subfield>
            <subfield code="d">1</subfield>
            <subfield code="e">1</subfield>
            <subfield code="x">315552102a/713818</subfield>
            <subfield code="u">tlla</subfield>
            <subfield code="y">0TOL0237749</subfield>
            <subfield code="5">25.03.1999/312102/jlc</subfield>
          </datafield>
          <datafield tag="915" ind1=" " ind2=" ">
            <subfield code="5">372615206:102672202</subfield>
            <subfield code="a">M/C-45795</subfield>
          </datafield>
          <datafield tag="917" ind1=" " ind2=" ">
            <subfield code="5">372615206:102672202</subfield>
            <subfield code="a">aaxx</subfield>
          </datafield>
          <datafield tag="930" ind1=" " ind2=" ">
            <subfield code="5">372615206:102672202</subfield>
            <subfield code="b">372615206</subfield>
            <subfield code="e">REPG</subfield>
            <subfield code="a">Bd5.2 SEN 4.Tra</subfield>
            <subfield code="j">u</subfield>
          </datafield>
          <datafield tag="999" ind1=" " ind2=" ">
            <subfield code="5">372615206:102672202</subfield>
            <subfield code="z">M/C-45795</subfield>
            <subfield code="g">EPD</subfield>
          </datafield>
          <datafield tag="915" ind1=" " ind2=" ">
            <subfield code="5">372612102:102672210</subfield>
            <subfield code="a">M/XF 8356</subfield>
          </datafield>
          <datafield tag="917" ind1=" " ind2=" ">
            <subfield code="5">372612102:102672210</subfield>
            <subfield code="a">aaxx</subfield>
          </datafield>
          <datafield tag="930" ind1=" " ind2=" ">
            <subfield code="5">372612102:102672210</subfield>
            <subfield code="b">372612102</subfield>
            <subfield code="e">SRTL</subfield>
            <subfield code="j">u</subfield>
          </datafield>
          <datafield tag="999" ind1=" " ind2=" ">
            <subfield code="5">372612102:102672210</subfield>
            <subfield code="z">M/XF 8356</subfield>
          </datafield>
          <datafield tag="915" ind1=" " ind2=" ">
            <subfield code="5">372612102:102672229</subfield>
            <subfield code="a">S/XF 8355</subfield>
          </datafield>
          <datafield tag="917" ind1=" " ind2=" ">
            <subfield code="5">372612102:102672229</subfield>
            <subfield code="a">aaxx</subfield>
          </datafield>
          <datafield tag="930" ind1=" " ind2=" ">
            <subfield code="5">372612102:102672229</subfield>
            <subfield code="b">372612102</subfield>
            <subfield code="e">SRTL</subfield>
            <subfield code="j">u</subfield>
          </datafield>
          <datafield tag="999" ind1=" " ind2=" ">
            <subfield code="5">372612102:102672229</subfield>
            <subfield code="z">S/XF 8355</subfield>
            <subfield code="g">USU</subfield>
          </datafield>
          <datafield tag="917" ind1=" " ind2=" ">
            <subfield code="5">782972101:265722411</subfield>
            <subfield code="a">aauu</subfield>
          </datafield>
          <datafield tag="930" ind1=" " ind2=" ">
            <subfield code="5">782972101:265722411</subfield>
            <subfield code="b">782972101</subfield>
            <subfield code="c">Bibliothèque St-Quentin</subfield>
            <subfield code="d">Philo, Lettres, Langues 1er ét</subfield>
            <subfield code="a">872.01 SEN</subfield>
            <subfield code="j">u</subfield>
          </datafield>
          <datafield tag="915" ind1=" " ind2=" ">
            <subfield code="5">751052102:131266624</subfield>
            <subfield code="a">751052102a/c.157461up</subfield>
          </datafield>
          <datafield tag="917" ind1=" " ind2=" ">
            <subfield code="5">751052102:131266624</subfield>
            <subfield code="a">aaxx</subfield>
          </datafield>
          <datafield tag="930" ind1=" " ind2=" ">
            <subfield code="5">751052102:131266624</subfield>
            <subfield code="b">751052102</subfield>
            <subfield code="d">sa</subfield>
            <subfield code="a">871 SEN</subfield>
            <subfield code="j">u</subfield>
            <subfield code="2">CDU</subfield>
          </datafield>
          <datafield tag="999" ind1=" " ind2=" ">
            <subfield code="5">751052102:131266624</subfield>
            <subfield code="a">XFB 4195-2</subfield>
            <subfield code="b">751052102sa</subfield>
            <subfield code="d">1</subfield>
            <subfield code="e">1</subfield>
            <subfield code="1">cdu-pc</subfield>
            <subfield code="c">871 SEN</subfield>
            <subfield code="x">751052102a/c.157461up</subfield>
            <subfield code="5">05.10.2000/752102/sau</subfield>
          </datafield>
          <datafield tag="930" ind1=" " ind2=" ">
            <subfield code="5">751082101:231447930</subfield>
            <subfield code="b">751082101</subfield>
            <subfield code="a">LE 2698(2)</subfield>
            <subfield code="j">u</subfield>
          </datafield>
          <datafield tag="930" ind1=" " ind2=" ">
            <subfield code="5">751065305:264527534</subfield>
            <subfield code="b">751065305</subfield>
            <subfield code="a">Usuel F5 SEN 19</subfield>
            <subfield code="j">g</subfield>
          </datafield>
          <datafield tag="991" ind1=" " ind2=" ">
            <subfield code="5">751065305:264527534</subfield>
            <subfield code="a">Retroconversion</subfield>
            <subfield code="b">IEA</subfield>
          </datafield>
          <datafield tag="915" ind1=" " ind2=" ">
            <subfield code="5">930662101:107007886</subfield>
            <subfield code="a">930662101a/</subfield>
            <subfield code="b">025294953</subfield>
          </datafield>
          <datafield tag="917" ind1=" " ind2=" ">
            <subfield code="5">930662101:107007886</subfield>
            <subfield code="a">abxx</subfield>
          </datafield>
          <datafield tag="930" ind1=" " ind2=" ">
            <subfield code="5">930662101:107007886</subfield>
            <subfield code="b">930662101</subfield>
            <subfield code="d">sa</subfield>
            <subfield code="a">871 SEN 2</subfield>
            <subfield code="j">i</subfield>
            <subfield code="2">CDU</subfield>
          </datafield>
          <datafield tag="999" ind1=" " ind2=" ">
            <subfield code="5">930662101:107007886</subfield>
            <subfield code="a">VG-LIP</subfield>
            <subfield code="b">930662101sa</subfield>
            <subfield code="d">1</subfield>
            <subfield code="e">1</subfield>
            <subfield code="i">[T.2]</subfield>
            <subfield code="1">cdu-pd</subfield>
            <subfield code="c">871 SEN 2</subfield>
            <subfield code="x">930662101a</subfield>
            <subfield code="y">025294953</subfield>
            <subfield code="5">25.05.1999/932101/dev</subfield>
          </datafield>
          <datafield tag="915" ind1=" " ind2=" ">
            <subfield code="5">920502102:107007894</subfield>
            <subfield code="a">920502102a/711425</subfield>
          </datafield>
          <datafield tag="917" ind1=" " ind2=" ">
            <subfield code="5">920502102:107007894</subfield>
            <subfield code="a">aaxx</subfield>
          </datafield>
          <datafield tag="930" ind1=" " ind2=" ">
            <subfield code="5">920502102:107007894</subfield>
            <subfield code="b">920502102</subfield>
            <subfield code="d">al</subfield>
            <subfield code="a">871 SEN 1</subfield>
            <subfield code="j">u</subfield>
            <subfield code="2">CDU</subfield>
          </datafield>
          <datafield tag="999" ind1=" " ind2=" ">
            <subfield code="5">920502102:107007894</subfield>
            <subfield code="a">XF 9092(2)</subfield>
            <subfield code="b">920502102al</subfield>
            <subfield code="d">1</subfield>
            <subfield code="e">1</subfield>
            <subfield code="1">cdu-pn</subfield>
            <subfield code="c">871 SEN 1</subfield>
            <subfield code="x">920502102a/711425</subfield>
            <subfield code="5">05.10.1999/922102/maa</subfield>
          </datafield>
          <datafield tag="915" ind1=" " ind2=" ">
            <subfield code="5">940282102:268288887</subfield>
            <subfield code="b">99201685</subfield>
          </datafield>
          <datafield tag="930" ind1=" " ind2=" ">
            <subfield code="5">940282102:268288887</subfield>
            <subfield code="b">940282102</subfield>
            <subfield code="a">871 SENE 2</subfield>
            <subfield code="j">g</subfield>
          </datafield>
          <datafield tag="991" ind1=" " ind2=" ">
            <subfield code="5">940282102:268288887</subfield>
            <subfield code="a">Exemplaire créé automatiquement par l'ABES</subfield>
          </datafield>
          <datafield tag="915" ind1=" " ind2=" ">
            <subfield code="5">940282102:270546472</subfield>
            <subfield code="b">99201686</subfield>
          </datafield>
          <datafield tag="930" ind1=" " ind2=" ">
            <subfield code="5">940282102:270546472</subfield>
            <subfield code="b">940282102</subfield>
            <subfield code="a">871 SENE 2</subfield>
            <subfield code="j">u</subfield>
          </datafield>
          <datafield tag="991" ind1=" " ind2=" ">
            <subfield code="5">940282102:270546472</subfield>
            <subfield code="a">Exemplaire créé automatiquement par l'ABES</subfield>
          </datafield>
          <datafield tag="915" ind1=" " ind2=" ">
            <subfield code="5">940282102:270546499</subfield>
            <subfield code="b">99201687</subfield>
          </datafield>
          <datafield tag="930" ind1=" " ind2=" ">
            <subfield code="5">940282102:270546499</subfield>
            <subfield code="b">940282102</subfield>
            <subfield code="a">871 SENE 2</subfield>
            <subfield code="j">u</subfield>
          </datafield>
          <datafield tag="991" ind1=" " ind2=" ">
            <subfield code="5">940282102:270546499</subfield>
            <subfield code="a">Exemplaire créé automatiquement par l'ABES</subfield>
          </datafield>
          <datafield tag="915" ind1=" " ind2=" ">
            <subfield code="5">940282102:270546502</subfield>
            <subfield code="b">99203772</subfield>
          </datafield>
          <datafield tag="930" ind1=" " ind2=" ">
            <subfield code="5">940282102:270546502</subfield>
            <subfield code="b">940282102</subfield>
            <subfield code="a">871 SENE 2</subfield>
            <subfield code="j">u</subfield>
          </datafield>
          <datafield tag="991" ind1=" " ind2=" ">
            <subfield code="5">940282102:270546502</subfield>
            <subfield code="a">Exemplaire créé automatiquement par l'ABES</subfield>
          </datafield>
          <datafield tag="915" ind1=" " ind2=" ">
            <subfield code="5">930792101:109862589</subfield>
            <subfield code="a">930792101a</subfield>
          </datafield>
          <datafield tag="917" ind1=" " ind2=" ">
            <subfield code="5">930792101:109862589</subfield>
            <subfield code="a">aaxx</subfield>
          </datafield>
          <datafield tag="930" ind1=" " ind2=" ">
            <subfield code="5">930792101:109862589</subfield>
            <subfield code="b">930792101</subfield>
            <subfield code="d">cb</subfield>
            <subfield code="a">871 SEN 3 TRA</subfield>
            <subfield code="j">u</subfield>
            <subfield code="2">CDU</subfield>
          </datafield>
          <datafield tag="992" ind1=" " ind2=" ">
            <subfield code="5">930792101:109862589</subfield>
            <subfield code="a">upvlat</subfield>
          </datafield>
          <datafield tag="999" ind1=" " ind2=" ">
            <subfield code="5">930792101:109862589</subfield>
            <subfield code="a">M 187628 P</subfield>
            <subfield code="b">930792101cb</subfield>
            <subfield code="d">1</subfield>
            <subfield code="e">1</subfield>
            <subfield code="1">cdu-pv</subfield>
            <subfield code="c">871 SEN 3 TRA</subfield>
            <subfield code="x">930792101a</subfield>
            <subfield code="u">pvlat</subfield>
            <subfield code="5">26.01.2000/932199/gnz</subfield>
          </datafield>
          <datafield tag="915" ind1=" " ind2=" ">
            <subfield code="5">751052105:107007908</subfield>
            <subfield code="a">751052105a/445073</subfield>
          </datafield>
          <datafield tag="917" ind1=" " ind2=" ">
            <subfield code="5">751052105:107007908</subfield>
            <subfield code="a">aaxx</subfield>
          </datafield>
          <datafield tag="930" ind1=" " ind2=" ">
            <subfield code="5">751052105:107007908</subfield>
            <subfield code="b">751052105</subfield>
            <subfield code="d">a</subfield>
            <subfield code="a">LLC 8= 204-149-2</subfield>
            <subfield code="j">u</subfield>
          </datafield>
          <datafield tag="999" ind1=" " ind2=" ">
            <subfield code="5">751052105:107007908</subfield>
            <subfield code="a">LLC 8= 204-149-2</subfield>
            <subfield code="b">751052105a</subfield>
            <subfield code="d">1</subfield>
            <subfield code="e">1</subfield>
            <subfield code="x">751052105a/445073</subfield>
            <subfield code="5">05.05.1999/752105/pel</subfield>
          </datafield>
          <datafield tag="915" ind1=" " ind2=" ">
            <subfield code="5">751052105:107007916</subfield>
            <subfield code="a">751052105a/445072</subfield>
          </datafield>
          <datafield tag="917" ind1=" " ind2=" ">
            <subfield code="5">751052105:107007916</subfield>
            <subfield code="a">abxx</subfield>
          </datafield>
          <datafield tag="930" ind1=" " ind2=" ">
            <subfield code="5">751052105:107007916</subfield>
            <subfield code="b">751052105</subfield>
            <subfield code="d">r</subfield>
            <subfield code="a">R 8= 410-149-2</subfield>
            <subfield code="j">i</subfield>
          </datafield>
          <datafield tag="999" ind1=" " ind2=" ">
            <subfield code="5">751052105:107007916</subfield>
            <subfield code="a">R 8= 410-149-2</subfield>
            <subfield code="b">751052105r</subfield>
            <subfield code="d">1</subfield>
            <subfield code="e">1</subfield>
            <subfield code="x">751052105a/445072</subfield>
            <subfield code="5">05.05.1999/752105/pel</subfield>
          </datafield>
          <datafield tag="915" ind1=" " ind2=" ">
            <subfield code="5">751052105:109862597</subfield>
            <subfield code="a">751052105a/446442</subfield>
          </datafield>
          <datafield tag="917" ind1=" " ind2=" ">
            <subfield code="5">751052105:109862597</subfield>
            <subfield code="a">abxx</subfield>
          </datafield>
          <datafield tag="930" ind1=" " ind2=" ">
            <subfield code="5">751052105:109862597</subfield>
            <subfield code="b">751052105</subfield>
            <subfield code="d">l</subfield>
            <subfield code="a">SLZ 149-2</subfield>
            <subfield code="j">i</subfield>
          </datafield>
          <datafield tag="999" ind1=" " ind2=" ">
            <subfield code="5">751052105:109862597</subfield>
            <subfield code="a">SLZ 149-2</subfield>
            <subfield code="b">751052105l</subfield>
            <subfield code="d">1</subfield>
            <subfield code="e">1</subfield>
            <subfield code="x">751052105a/446442</subfield>
            <subfield code="5">17.03.2000/752105/fbm</subfield>
          </datafield>
          <datafield tag="915" ind1=" " ind2=" ">
            <subfield code="5">751052116:099488795</subfield>
            <subfield code="a">B10682773</subfield>
            <subfield code="b">9105170319</subfield>
          </datafield>
          <datafield tag="917" ind1=" " ind2=" ">
            <subfield code="5">751052116:099488795</subfield>
            <subfield code="a">aaxx</subfield>
          </datafield>
          <datafield tag="930" ind1=" " ind2=" ">
            <subfield code="5">751052116:099488795</subfield>
            <subfield code="b">751052116</subfield>
            <subfield code="a">USUEL 878 SEN</subfield>
            <subfield code="j">u</subfield>
          </datafield>
          <datafield tag="999" ind1=" " ind2=" ">
            <subfield code="5">751052116:099488795</subfield>
            <subfield code="c">BU</subfield>
            <subfield code="d">BSG</subfield>
            <subfield code="a">USUEL 878 SEN</subfield>
            <subfield code="v">9105170319</subfield>
            <subfield code="A">B10682773</subfield>
          </datafield>
          <datafield tag="930" ind1=" " ind2=" ">
            <subfield code="5">751052144:183781120</subfield>
            <subfield code="b">751052144</subfield>
            <subfield code="a">87/1 SEN tr</subfield>
            <subfield code="j">i</subfield>
          </datafield>
          <datafield tag="915" ind1=" " ind2=" ">
            <subfield code="5">751052336:233007741</subfield>
            <subfield code="a">Inv 12867</subfield>
          </datafield>
          <datafield tag="930" ind1=" " ind2=" ">
            <subfield code="5">751052336:233007741</subfield>
            <subfield code="b">751052336</subfield>
            <subfield code="a">Sources A B.N.SENE</subfield>
            <subfield code="j">g</subfield>
          </datafield>
          <datafield tag="991" ind1=" " ind2=" ">
            <subfield code="5">751052336:233007741</subfield>
            <subfield code="a">SAFIG-E</subfield>
            <subfield code="b">751052336-i4-F15</subfield>
            <subfield code="c">Exemplaire créé automatiquement par l'ABES</subfield>
          </datafield>
          <datafield tag="992" ind1=" " ind2=" ">
            <subfield code="5">751052336:233007741</subfield>
            <subfield code="a">02</subfield>
            <subfield code="2">dombulac</subfield>
          </datafield>
          <datafield tag="999" ind1=" " ind2=" ">
            <subfield code="5">751052336:233007741</subfield>
            <subfield code="m">101</subfield>
            <subfield code="n">er000</subfield>
          </datafield>
          <datafield tag="915" ind1=" " ind2=" ">
            <subfield code="5">751052333:245590471</subfield>
            <subfield code="a">En 26891</subfield>
          </datafield>
          <datafield tag="930" ind1=" " ind2=" ">
            <subfield code="5">751052333:245590471</subfield>
            <subfield code="b">751052333</subfield>
            <subfield code="a">2 Su 493 (2)</subfield>
            <subfield code="j">s</subfield>
          </datafield>
          <datafield tag="991" ind1=" " ind2=" ">
            <subfield code="5">751052333:245590471</subfield>
            <subfield code="a">SAFIG-E</subfield>
            <subfield code="b">FleuryA24</subfield>
            <subfield code="c">ML</subfield>
          </datafield>
          <datafield tag="992" ind1=" " ind2=" ">
            <subfield code="5">751052333:245590471</subfield>
            <subfield code="a">02</subfield>
            <subfield code="2">dombulac</subfield>
          </datafield>
          <datafield tag="999" ind1=" " ind2=" ">
            <subfield code="5">751052333:245590471</subfield>
            <subfield code="m">101</subfield>
            <subfield code="n">eh000</subfield>
          </datafield>
          <datafield tag="915" ind1=" " ind2=" ">
            <subfield code="5">991345201:235765694</subfield>
            <subfield code="b">1074276</subfield>
          </datafield>
          <datafield tag="917" ind1=" " ind2=" ">
            <subfield code="5">991345201:235765694</subfield>
            <subfield code="a">abbc</subfield>
          </datafield>
          <datafield tag="930" ind1=" " ind2=" ">
            <subfield code="5">991345201:235765694</subfield>
            <subfield code="b">991345201</subfield>
            <subfield code="a"> 870 BUD SEN tra 2</subfield>
            <subfield code="j">s</subfield>
          </datafield>
        </record>
      </recordData>
      <recordPosition>92</recordPosition>
    </record>