
    <record>
      <recordSchema>dc</recordSchema>
      <recordPacking>xml</recordPacking>
      <recordData>
        <record xsi:schemaLocation="http://www.loc.gov/MARC21/slim http://www.loc.gov/standards/marcxml/schema/MARC21slim.xsd" xmlns="http://www.loc.gov/MARC21/slim" xmlns:xsi="http://www.w3.org/2001/XMLSchema-instance">
          <leader>04904cam0 2201129   4500</leader>
          <controlfield tag="001">045259836</controlfield>
          <controlfield tag="005">20050420140521.000</controlfield>
          <datafield tag="010" ind1=" " ind2=" ">
            <subfield code="a">2-7118-3820-X</subfield>
            <subfield code="b">br.</subfield>
            <subfield code="d">70 FRF ; 10,67 EUR</subfield>
          </datafield>
          <datafield tag="020" ind1=" " ind2=" ">
            <subfield code="a">FR</subfield>
            <subfield code="b">00035010</subfield>
          </datafield>
          <datafield tag="021" ind1=" " ind2=" ">
            <subfield code="a">FR</subfield>
            <subfield code="b">DL 99-06148 (DX)</subfield>
          </datafield>
          <datafield tag="035" ind1=" " ind2=" ">
            <subfield code="a">sib1384751</subfield>
          </datafield>
          <datafield tag="035" ind1=" " ind2=" ">
            <subfield code="a">ocm41265330</subfield>
          </datafield>
          <datafield tag="035" ind1=" " ind2=" ">
            <subfield code="a">cor0023356</subfield>
          </datafield>
          <datafield tag="035" ind1=" " ind2=" ">
            <subfield code="a">frBN002430364</subfield>
          </datafield>
          <datafield tag="035" ind1=" " ind2=" ">
            <subfield code="a">frBN02430364X</subfield>
          </datafield>
          <datafield tag="035" ind1=" " ind2=" ">
            <subfield code="a">DYNIX-BUNAN-396090</subfield>
          </datafield>
          <datafield tag="100" ind1=" " ind2=" ">
            <subfield code="a">20000411d1999    m  y0frey0103    ba</subfield>
          </datafield>
          <datafield tag="101" ind1="0" ind2=" ">
            <subfield code="a">fre</subfield>
          </datafield>
          <datafield tag="102" ind1=" " ind2=" ">
            <subfield code="a">FR</subfield>
          </datafield>
          <datafield tag="105" ind1=" " ind2=" ">
            <subfield code="a">y   zz  000zd</subfield>
          </datafield>
          <datafield tag="106" ind1=" " ind2=" ">
            <subfield code="a">r</subfield>
          </datafield>
          <datafield tag="200" ind1="1" ind2=" ">
            <subfield code="a">Picasso et le théâtre</subfield>
            <subfield code="b">Texte imprimé</subfield>
            <subfield code="e">les décors d'Oedipe-roi</subfield>
          </datafield>
          <datafield tag="210" ind1=" " ind2=" ">
            <subfield code="a">Paris</subfield>
            <subfield code="c">Réunion des musées nationaux</subfield>
            <subfield code="a">Antibes</subfield>
            <subfield code="c">Musée Picasso</subfield>
            <subfield code="d">1999</subfield>
            <subfield code="e">69-Vaulx-en-Velin</subfield>
            <subfield code="g">Impr. Fayolle</subfield>
          </datafield>
          <datafield tag="215" ind1=" " ind2=" ">
            <subfield code="a">62 p.</subfield>
            <subfield code="d">24 cm</subfield>
          </datafield>
          <datafield tag="225" ind1="1" ind2=" ">
            <subfield code="a">ReConnaître</subfield>
          </datafield>
          <datafield tag="300" ind1=" " ind2=" ">
            <subfield code="a">Ouvrage publié à l'occasion de l'exposition présentée au musée d'Antibes du 16 janvier au 21 mars 1999</subfield>
          </datafield>
          <datafield tag="320" ind1=" " ind2=" ">
            <subfield code="a">Bibliogr. p.[63]-[64]</subfield>
          </datafield>
          <datafield tag="327" ind1="1" ind2=" ">
            <subfield code="a">Chronol</subfield>
          </datafield>
          <datafield tag="345" ind1=" " ind2=" ">
            <subfield code="b">9782711838202</subfield>
          </datafield>
          <datafield tag="503" ind1=" " ind2=" ">
            <subfield code="a">Expositions</subfield>
            <subfield code="m">Antibes</subfield>
            <subfield code="j">1999</subfield>
          </datafield>
          <datafield tag="600" ind1=" " ind2="1">
            <subfield code="3">027071790</subfield>
            <subfield code="a">Picasso</subfield>
            <subfield code="b">Pablo</subfield>
            <subfield code="f">1881-1973</subfield>
            <subfield code="3">029223741</subfield>
            <subfield code="x">Et le théâtre</subfield>
            <subfield code="2">rameau</subfield>
          </datafield>
          <datafield tag="600" ind1=" " ind2="1">
            <subfield code="3">027071790</subfield>
            <subfield code="a">Picasso</subfield>
            <subfield code="b">Pablo</subfield>
            <subfield code="f">1881-1973</subfield>
            <subfield code="3">033918392</subfield>
            <subfield code="x">Oeuvres</subfield>
            <subfield code="x">Dessin</subfield>
            <subfield code="2">rameau</subfield>
          </datafield>
          <datafield tag="600" ind1=" " ind2="1">
            <subfield code="3">027512312</subfield>
            <subfield code="a">Oedipe</subfield>
            <subfield code="3">027512312</subfield>
            <subfield code="c">mythologie grecque</subfield>
            <subfield code="3">027966216</subfield>
            <subfield code="x">Dans l'art</subfield>
            <subfield code="2">rameau</subfield>
          </datafield>
          <datafield tag="604" ind1=" " ind2=" ">
            <subfield code="0">027515486</subfield>
            <subfield code="a">Sophocle (0496?-0406 av. J.-C.)</subfield>
            <subfield code="t">Oedipe roi</subfield>
            <subfield code="2">rameau</subfield>
          </datafield>
          <datafield tag="606" ind1=" " ind2=" ">
            <subfield code="5">601592101</subfield>
            <subfield code="a">Antibes</subfield>
            <subfield code="x">Expositions</subfield>
            <subfield code="y">1999</subfield>
          </datafield>
          <datafield tag="675" ind1=" " ind2=" ">
            <subfield code="a">74</subfield>
            <subfield code="v">Éd. 1967</subfield>
          </datafield>
          <datafield tag="676" ind1=" " ind2=" ">
            <subfield code="a">740</subfield>
          </datafield>
          <datafield tag="801" ind1=" " ind2="3">
            <subfield code="a">FR</subfield>
            <subfield code="b">Abes</subfield>
            <subfield code="c">20050420</subfield>
            <subfield code="g">AFNOR</subfield>
          </datafield>
          <datafield tag="801" ind1=" " ind2="3">
            <subfield code="a">FR</subfield>
            <subfield code="b">SF</subfield>
            <subfield code="c">20050420</subfield>
            <subfield code="g">AFNOR</subfield>
          </datafield>
          <datafield tag="801" ind1=" " ind2="1">
            <subfield code="a">US</subfield>
            <subfield code="b">OCLC</subfield>
            <subfield code="c">20050420</subfield>
            <subfield code="g">AACR2</subfield>
          </datafield>
          <datafield tag="801" ind1=" " ind2="2">
            <subfield code="a">FR</subfield>
            <subfield code="b">AUROC</subfield>
            <subfield code="c">20050420</subfield>
            <subfield code="g">AFNOR</subfield>
          </datafield>
          <datafield tag="801" ind1=" " ind2="3">
            <subfield code="a">FR</subfield>
            <subfield code="b">BN</subfield>
            <subfield code="c">20050420</subfield>
            <subfield code="g">AFNOR</subfield>
          </datafield>
          <datafield tag="801" ind1=" " ind2="3">
            <subfield code="a">FR</subfield>
            <subfield code="b">BN</subfield>
            <subfield code="c">20050420</subfield>
            <subfield code="g">AFNOR</subfield>
          </datafield>
          <datafield tag="915" ind1=" " ind2=" ">
            <subfield code="5">601592101:111605261</subfield>
            <subfield code="a">F/B89367</subfield>
          </datafield>
          <datafield tag="917" ind1=" " ind2=" ">
            <subfield code="5">601592101:111605261</subfield>
            <subfield code="a">aaxx</subfield>
          </datafield>
          <datafield tag="930" ind1=" " ind2=" ">
            <subfield code="5">601592101:111605261</subfield>
            <subfield code="b">601592101</subfield>
            <subfield code="e">FCUB</subfield>
            <subfield code="j">u</subfield>
          </datafield>
          <datafield tag="999" ind1=" " ind2=" ">
            <subfield code="5">601592101:111605261</subfield>
            <subfield code="z">F/B89367</subfield>
          </datafield>
          <datafield tag="930" ind1=" " ind2=" ">
            <subfield code="5">200962101:173696902</subfield>
            <subfield code="b">200962101</subfield>
            <subfield code="a">751.75,PIC,41607</subfield>
            <subfield code="j">u</subfield>
          </datafield>
          <datafield tag="917" ind1=" " ind2=" ">
            <subfield code="5">212312101:11200010X</subfield>
            <subfield code="a">aaxx</subfield>
          </datafield>
          <datafield tag="930" ind1=" " ind2=" ">
            <subfield code="5">212312101:11200010X</subfield>
            <subfield code="b">212312101</subfield>
            <subfield code="a">792/7010*BU/DL</subfield>
            <subfield code="j">u</subfield>
          </datafield>
          <datafield tag="999" ind1=" " ind2=" ">
            <subfield code="5">212312101:11200010X</subfield>
            <subfield code="c">BU</subfield>
            <subfield code="d">DIJO01</subfield>
            <subfield code="a">792/7010*BU/DL</subfield>
          </datafield>
          <datafield tag="915" ind1=" " ind2=" ">
            <subfield code="5">384212101:107949474</subfield>
            <subfield code="a">384212101a/</subfield>
          </datafield>
          <datafield tag="917" ind1=" " ind2=" ">
            <subfield code="5">384212101:107949474</subfield>
            <subfield code="a">aaxx</subfield>
          </datafield>
          <datafield tag="930" ind1=" " ind2=" ">
            <subfield code="5">384212101:107949474</subfield>
            <subfield code="b">384212101</subfield>
            <subfield code="d">l2</subfield>
            <subfield code="a">W 125/3</subfield>
            <subfield code="j">u</subfield>
          </datafield>
          <datafield tag="999" ind1=" " ind2=" ">
            <subfield code="5">384212101:107949474</subfield>
            <subfield code="a">W 125/3</subfield>
            <subfield code="b">384212101l2</subfield>
            <subfield code="d">1</subfield>
            <subfield code="e">1</subfield>
            <subfield code="x">384212101a</subfield>
            <subfield code="p">178506</subfield>
            <subfield code="5">23.06.1999/382101/dga</subfield>
          </datafield>
          <datafield tag="930" ind1=" " ind2=" ">
            <subfield code="5">693872103:137594461</subfield>
            <subfield code="b">693872103</subfield>
            <subfield code="j">u</subfield>
          </datafield>
          <datafield tag="915" ind1=" " ind2=" ">
            <subfield code="5">574632105:164498788</subfield>
            <subfield code="a">27917L</subfield>
            <subfield code="b">0314437055</subfield>
          </datafield>
          <datafield tag="930" ind1=" " ind2=" ">
            <subfield code="5">574632105:164498788</subfield>
            <subfield code="b">574632105</subfield>
            <subfield code="c">L</subfield>
            <subfield code="d">SH</subfield>
            <subfield code="a">751.7 PIC</subfield>
            <subfield code="j">u</subfield>
          </datafield>
          <datafield tag="992" ind1=" " ind2=" ">
            <subfield code="5">574632105:164498788</subfield>
            <subfield code="a">751.7</subfield>
          </datafield>
          <datafield tag="915" ind1=" " ind2=" ">
            <subfield code="5">441092102:181329239</subfield>
            <subfield code="a">0083514757</subfield>
            <subfield code="b">0083514757</subfield>
          </datafield>
          <datafield tag="930" ind1=" " ind2=" ">
            <subfield code="5">441092102:181329239</subfield>
            <subfield code="b">441092102</subfield>
            <subfield code="a">700.74 PIC</subfield>
            <subfield code="j">u</subfield>
          </datafield>
          <datafield tag="915" ind1=" " ind2=" ">
            <subfield code="5">661362102:107949482</subfield>
            <subfield code="a">661362103af/</subfield>
          </datafield>
          <datafield tag="917" ind1=" " ind2=" ">
            <subfield code="5">661362102:107949482</subfield>
            <subfield code="a">aaxx</subfield>
          </datafield>
          <datafield tag="930" ind1=" " ind2=" ">
            <subfield code="5">661362102:107949482</subfield>
            <subfield code="b">661362102</subfield>
            <subfield code="d">lk</subfield>
            <subfield code="a">741 PIC EXP</subfield>
            <subfield code="j">u</subfield>
            <subfield code="2">CDU</subfield>
          </datafield>
          <datafield tag="999" ind1=" " ind2=" ">
            <subfield code="5">661362102:107949482</subfield>
            <subfield code="a">L 121429</subfield>
            <subfield code="b">661362103lk</subfield>
            <subfield code="d">1</subfield>
            <subfield code="e">1</subfield>
            <subfield code="1">cdu-rp</subfield>
            <subfield code="c">741 PIC EXP</subfield>
            <subfield code="x">661362103af</subfield>
            <subfield code="p">0PEL0121429</subfield>
            <subfield code="5">14.06.1999/662103/mts</subfield>
          </datafield>
          <datafield tag="915" ind1=" " ind2=" ">
            <subfield code="5">514542102:103003592</subfield>
            <subfield code="a">L/LE991955</subfield>
          </datafield>
          <datafield tag="917" ind1=" " ind2=" ">
            <subfield code="5">514542102:103003592</subfield>
            <subfield code="a">aaxx</subfield>
          </datafield>
          <datafield tag="930" ind1=" " ind2=" ">
            <subfield code="5">514542102:103003592</subfield>
            <subfield code="b">514542102</subfield>
            <subfield code="e">FHRB</subfield>
            <subfield code="j">u</subfield>
          </datafield>
          <datafield tag="999" ind1=" " ind2=" ">
            <subfield code="5">514542102:103003592</subfield>
            <subfield code="z">L/LE991955</subfield>
          </datafield>
          <datafield tag="915" ind1=" " ind2=" ">
            <subfield code="5">352382101:099472759</subfield>
            <subfield code="b">0284009924</subfield>
          </datafield>
          <datafield tag="917" ind1=" " ind2=" ">
            <subfield code="5">352382101:099472759</subfield>
            <subfield code="a">aaxx</subfield>
          </datafield>
          <datafield tag="930" ind1=" " ind2=" ">
            <subfield code="5">352382101:099472759</subfield>
            <subfield code="b">352382101</subfield>
            <subfield code="j">u</subfield>
          </datafield>
          <datafield tag="999" ind1=" " ind2=" ">
            <subfield code="5">352382101:099472759</subfield>
            <subfield code="c">BU</subfield>
            <subfield code="d">RE0201</subfield>
            <subfield code="v">0284009924</subfield>
          </datafield>
          <datafield tag="917" ind1=" " ind2=" ">
            <subfield code="5">422182101:137371810</subfield>
            <subfield code="a">aaxx</subfield>
          </datafield>
          <datafield tag="930" ind1=" " ind2=" ">
            <subfield code="5">422182101:137371810</subfield>
            <subfield code="b">422182101</subfield>
            <subfield code="j">u</subfield>
          </datafield>
          <datafield tag="999" ind1=" " ind2=" ">
            <subfield code="5">422182101:137371810</subfield>
            <subfield code="c">BU</subfield>
            <subfield code="d">STET21</subfield>
            <subfield code="a">W 53119</subfield>
          </datafield>
          <datafield tag="915" ind1=" " ind2=" ">
            <subfield code="5">751052102:107949490</subfield>
            <subfield code="a">751052102a/c.158403mp</subfield>
          </datafield>
          <datafield tag="917" ind1=" " ind2=" ">
            <subfield code="5">751052102:107949490</subfield>
            <subfield code="a">aaxx</subfield>
          </datafield>
          <datafield tag="930" ind1=" " ind2=" ">
            <subfield code="5">751052102:107949490</subfield>
            <subfield code="b">751052102</subfield>
            <subfield code="d">ma</subfield>
            <subfield code="a">W 11523</subfield>
            <subfield code="j">u</subfield>
          </datafield>
          <datafield tag="992" ind1=" " ind2=" ">
            <subfield code="5">751052102:107949490</subfield>
            <subfield code="a">upcbxa</subfield>
          </datafield>
          <datafield tag="999" ind1=" " ind2=" ">
            <subfield code="5">751052102:107949490</subfield>
            <subfield code="a">W 11523</subfield>
            <subfield code="b">751052102ma</subfield>
            <subfield code="d">1</subfield>
            <subfield code="e">1</subfield>
            <subfield code="x">751052102a/c.158403mp</subfield>
            <subfield code="u">pcbxa</subfield>
            <subfield code="5">06.12.1999/752102/des</subfield>
          </datafield>
          <datafield tag="915" ind1=" " ind2=" ">
            <subfield code="5">751065210:103003606</subfield>
            <subfield code="a">A/11571</subfield>
          </datafield>
          <datafield tag="917" ind1=" " ind2=" ">
            <subfield code="5">751065210:103003606</subfield>
            <subfield code="a">axxx</subfield>
          </datafield>
          <datafield tag="930" ind1=" " ind2=" ">
            <subfield code="5">751065210:103003606</subfield>
            <subfield code="b">751065210</subfield>
            <subfield code="a">CAT* 1999-85</subfield>
            <subfield code="j">s</subfield>
          </datafield>
          <datafield tag="999" ind1=" " ind2=" ">
            <subfield code="5">751065210:103003606</subfield>
            <subfield code="z">A/11571</subfield>
            <subfield code="a">Don</subfield>
          </datafield>
          <datafield tag="915" ind1=" " ind2=" ">
            <subfield code="5">930662101:107949504</subfield>
            <subfield code="a">930662101a/</subfield>
            <subfield code="b">025305676</subfield>
          </datafield>
          <datafield tag="917" ind1=" " ind2=" ">
            <subfield code="5">930662101:107949504</subfield>
            <subfield code="a">abxx</subfield>
          </datafield>
          <datafield tag="930" ind1=" " ind2=" ">
            <subfield code="5">930662101:107949504</subfield>
            <subfield code="b">930662101</subfield>
            <subfield code="d">sa</subfield>
            <subfield code="a">75(44)"19" PIC</subfield>
            <subfield code="j">i</subfield>
            <subfield code="2">CDU</subfield>
          </datafield>
          <datafield tag="999" ind1=" " ind2=" ">
            <subfield code="5">930662101:107949504</subfield>
            <subfield code="a">SA-LIP</subfield>
            <subfield code="b">930662101sa</subfield>
            <subfield code="d">1</subfield>
            <subfield code="e">1</subfield>
            <subfield code="1">cdu-pd</subfield>
            <subfield code="c">75(44)"19" PIC</subfield>
            <subfield code="x">930662101a</subfield>
            <subfield code="y">025305676</subfield>
            <subfield code="5">03.12.1999/932101/sai</subfield>
          </datafield>
          <datafield tag="915" ind1=" " ind2=" ">
            <subfield code="5">751052116:099472767</subfield>
            <subfield code="a">B10681426</subfield>
            <subfield code="b">9102817576</subfield>
          </datafield>
          <datafield tag="917" ind1=" " ind2=" ">
            <subfield code="5">751052116:099472767</subfield>
            <subfield code="a">aaxx</subfield>
          </datafield>
          <datafield tag="930" ind1=" " ind2=" ">
            <subfield code="5">751052116:099472767</subfield>
            <subfield code="b">751052116</subfield>
            <subfield code="a">8 ZZ SUP 4018 RES</subfield>
            <subfield code="j">u</subfield>
          </datafield>
          <datafield tag="999" ind1=" " ind2=" ">
            <subfield code="5">751052116:099472767</subfield>
            <subfield code="c">BU</subfield>
            <subfield code="d">BSG</subfield>
            <subfield code="a">8 ZZ SUP 4018 RES</subfield>
            <subfield code="v">9102817576</subfield>
            <subfield code="A">B10681426</subfield>
          </datafield>
          <datafield tag="915" ind1=" " ind2=" ">
            <subfield code="5">751025206:11160527X</subfield>
            <subfield code="a">A/184219</subfield>
          </datafield>
          <datafield tag="917" ind1=" " ind2=" ">
            <subfield code="5">751025206:11160527X</subfield>
            <subfield code="a">aaxx</subfield>
          </datafield>
          <datafield tag="930" ind1=" " ind2=" ">
            <subfield code="5">751025206:11160527X</subfield>
            <subfield code="b">751025206</subfield>
            <subfield code="e">FIAB</subfield>
            <subfield code="a">8 D 6393</subfield>
            <subfield code="j">u</subfield>
          </datafield>
          <datafield tag="999" ind1=" " ind2=" ">
            <subfield code="5">751025206:11160527X</subfield>
            <subfield code="z">A/184219</subfield>
          </datafield>
        </record>
      </recordData>
      <recordPosition>93</recordPosition>
    </record>