
    <record>
      <recordSchema>dc</recordSchema>
      <recordPacking>xml</recordPacking>
      <recordData>
        <record xsi:schemaLocation="http://www.loc.gov/MARC21/slim http://www.loc.gov/standards/marcxml/schema/MARC21slim.xsd" xmlns="http://www.loc.gov/MARC21/slim" xmlns:xsi="http://www.w3.org/2001/XMLSchema-instance">
          <leader>00831cam0 2200241   4500</leader>
          <controlfield tag="001">07275477X</controlfield>
          <controlfield tag="005">20040924211342.000</controlfield>
          <datafield tag="035" ind1=" " ind2=" ">
            <subfield code="a">DYNIX-BUNAN-343396</subfield>
          </datafield>
          <datafield tag="100" ind1=" " ind2=" ">
            <subfield code="a">19981112d1998    |||u0frey0103    ba</subfield>
          </datafield>
          <datafield tag="101" ind1="0" ind2=" ">
            <subfield code="a">fre</subfield>
          </datafield>
          <datafield tag="102" ind1=" " ind2=" ">
            <subfield code="a">FR</subfield>
          </datafield>
          <datafield tag="105" ind1=" " ind2=" ">
            <subfield code="a">y   7   |||||</subfield>
          </datafield>
          <datafield tag="200" ind1="1" ind2=" ">
            <subfield code="a">D'un Oedipe, l'autre..</subfield>
            <subfield code="e">"l'énigme du 3ème oeil"</subfield>
            <subfield code="f">Marie Léopold-Lacoste</subfield>
          </datafield>
          <datafield tag="210" ind1=" " ind2=" ">
            <subfield code="a">Nantes</subfield>
            <subfield code="c">Université de Nantes</subfield>
            <subfield code="d">1998</subfield>
          </datafield>
          <datafield tag="215" ind1=" " ind2=" ">
            <subfield code="a">59 p</subfield>
            <subfield code="d">30 cm</subfield>
          </datafield>
          <datafield tag="314" ind1=" " ind2=" ">
            <subfield code="a">Bonnat Jean-Louis (dir.)</subfield>
          </datafield>
          <datafield tag="517" ind1=" " ind2=" ">
            <subfield code="a">Maîtrise : Psychologie : 1998</subfield>
          </datafield>
          <datafield tag="606" ind1="1" ind2=" ">
            <subfield code="3">027254259</subfield>
            <subfield code="a">Toxicomanie</subfield>
            <subfield code="3">027588505</subfield>
            <subfield code="x">Cas, Études de</subfield>
            <subfield code="2">rameau</subfield>
          </datafield>
          <datafield tag="700" ind1=" " ind2="1">
            <subfield code="a">Léopold-Lacoste</subfield>
            <subfield code="b">Marie</subfield>
          </datafield>
          <datafield tag="801" ind1=" " ind2="3">
            <subfield code="a">FR</subfield>
            <subfield code="b">Abes</subfield>
            <subfield code="c">20040924</subfield>
            <subfield code="g">AFNOR</subfield>
          </datafield>
          <datafield tag="801" ind1=" " ind2=" ">
            <subfield code="a">FR</subfield>
            <subfield code="b">DYNIX̲BUNAN</subfield>
            <subfield code="c">19990924</subfield>
            <subfield code="g">AFNOR</subfield>
          </datafield>
          <datafield tag="915" ind1=" " ind2=" ">
            <subfield code="5">441092102:180974068</subfield>
            <subfield code="a">0083370735</subfield>
            <subfield code="b">0083370735</subfield>
          </datafield>
          <datafield tag="930" ind1=" " ind2=" ">
            <subfield code="5">441092102:180974068</subfield>
            <subfield code="b">441092102</subfield>
            <subfield code="a">DES NANTES 1998 LEO</subfield>
            <subfield code="j">u</subfield>
          </datafield>
        </record>
      </recordData>
      <recordPosition>94</recordPosition>
    </record>