
    <record>
      <recordSchema>dc</recordSchema>
      <recordPacking>xml</recordPacking>
      <recordData>
        <record xsi:schemaLocation="http://www.loc.gov/MARC21/slim http://www.loc.gov/standards/marcxml/schema/MARC21slim.xsd" xmlns="http://www.loc.gov/MARC21/slim" xmlns:xsi="http://www.w3.org/2001/XMLSchema-instance">
          <leader>01428cam0 2200277   4500</leader>
          <controlfield tag="001">070183260</controlfield>
          <controlfield tag="005">20040928103912.000</controlfield>
          <datafield tag="010" ind1=" " ind2=" ">
            <subfield code="a">2-284-01036-9</subfield>
            <subfield code="b">Br.</subfield>
          </datafield>
          <datafield tag="100" ind1=" " ind2=" ">
            <subfield code="a">20030320d1998    k  y|frey0103    ba</subfield>
          </datafield>
          <datafield tag="101" ind1="0" ind2=" ">
            <subfield code="a">fre</subfield>
          </datafield>
          <datafield tag="102" ind1=" " ind2=" ">
            <subfield code="a">FR</subfield>
          </datafield>
          <datafield tag="105" ind1=" " ind2=" ">
            <subfield code="a">a   m   000zy</subfield>
          </datafield>
          <datafield tag="106" ind1=" " ind2=" ">
            <subfield code="a">r</subfield>
          </datafield>
          <datafield tag="200" ind1="1" ind2=" ">
            <subfield code="a">&lt;?char 136 ?&gt;Le &lt;?char 137 ?&gt;mythe d'Oedipe dans le théâtre français du XVIème siècle à nos jours</subfield>
            <subfield code="b">Texte imprimé</subfield>
            <subfield code="h">1</subfield>
            <subfield code="f">par Mitsutaka Odagiri</subfield>
            <subfield code="g">directeur de thèse Pierre Brunel</subfield>
          </datafield>
          <datafield tag="210" ind1=" " ind2=" ">
            <subfield code="a">Paris</subfield>
            <subfield code="c">Université de Paris-Sorbonne (Paris IV), U.F.R. de littérature française et comparée</subfield>
            <subfield code="d">1998</subfield>
          </datafield>
          <datafield tag="215" ind1=" " ind2=" ">
            <subfield code="a">580 p.</subfield>
            <subfield code="c">ill</subfield>
            <subfield code="d">24 cm</subfield>
          </datafield>
          <datafield tag="600" ind1=" " ind2="0">
            <subfield code="3">027512312</subfield>
            <subfield code="a">Oedipe</subfield>
            <subfield code="3">027512312</subfield>
            <subfield code="c">mythologie grecque</subfield>
            <subfield code="3">028054679</subfield>
            <subfield code="x">Dans la littérature</subfield>
            <subfield code="3">027253139</subfield>
            <subfield code="x">Thèses et écrits académiques</subfield>
            <subfield code="2">rameau</subfield>
          </datafield>
          <datafield tag="606" ind1="1" ind2=" ">
            <subfield code="3">027814157</subfield>
            <subfield code="a">Théâtre français</subfield>
            <subfield code="3">027791750</subfield>
            <subfield code="x">Influence grecque</subfield>
            <subfield code="3">027253139</subfield>
            <subfield code="x">Thèses et écrits académiques</subfield>
            <subfield code="2">rameau</subfield>
          </datafield>
          <datafield tag="606" ind1="1" ind2=" ">
            <subfield code="3">027328104</subfield>
            <subfield code="a">Mythologie grecque</subfield>
            <subfield code="3">028054679</subfield>
            <subfield code="x">Dans la littérature</subfield>
            <subfield code="3">027253139</subfield>
            <subfield code="x">Thèses et écrits académiques</subfield>
            <subfield code="2">rameau</subfield>
          </datafield>
          <datafield tag="606" ind1="0" ind2=" ">
            <subfield code="3">027240460</subfield>
            <subfield code="a">Mythe</subfield>
            <subfield code="x">Dans la littérature</subfield>
            <subfield code="3">027253139</subfield>
            <subfield code="x">Thèses et écrits académiques</subfield>
            <subfield code="2">rameau</subfield>
          </datafield>
          <datafield tag="606" ind1="0" ind2=" ">
            <subfield code="3">027241556</subfield>
            <subfield code="a">Psychanalyse et littérature</subfield>
            <subfield code="3">027253139</subfield>
            <subfield code="x">Thèses et écrits académiques</subfield>
            <subfield code="2">rameau</subfield>
          </datafield>
          <datafield tag="676" ind1=" " ind2=" ">
            <subfield code="a">842.3</subfield>
          </datafield>
          <datafield tag="700" ind1=" " ind2="1">
            <subfield code="3">057673047</subfield>
            <subfield code="a">Odagiri</subfield>
            <subfield code="b">Mitsutaka</subfield>
            <subfield code="4">070</subfield>
          </datafield>
          <datafield tag="702" ind1=" " ind2="1">
            <subfield code="3">026756625</subfield>
            <subfield code="a">Brunel</subfield>
            <subfield code="b">Pierre</subfield>
            <subfield code="f">1939-....</subfield>
            <subfield code="4">727</subfield>
          </datafield>
          <datafield tag="801" ind1=" " ind2="3">
            <subfield code="a">FR</subfield>
            <subfield code="b">Abes</subfield>
            <subfield code="c">20040928</subfield>
            <subfield code="g">AFNOR</subfield>
          </datafield>
          <datafield tag="930" ind1=" " ind2=" ">
            <subfield code="5">631132101:172021480</subfield>
            <subfield code="b">631132101</subfield>
            <subfield code="j">u</subfield>
          </datafield>
        </record>
      </recordData>
      <recordPosition>96</recordPosition>
    </record>