
    <record>
      <recordSchema>dc</recordSchema>
      <recordPacking>xml</recordPacking>
      <recordData>
        <record xsi:schemaLocation="http://www.loc.gov/MARC21/slim http://www.loc.gov/standards/marcxml/schema/MARC21slim.xsd" xmlns="http://www.loc.gov/MARC21/slim" xmlns:xsi="http://www.w3.org/2001/XMLSchema-instance">
          <leader>01792cam0 2200445   4500</leader>
          <controlfield tag="001">056148224</controlfield>
          <controlfield tag="005">20041119163126.000</controlfield>
          <datafield tag="010" ind1=" " ind2=" ">
            <subfield code="a">2-07-036360-0</subfield>
          </datafield>
          <datafield tag="035" ind1=" " ind2=" ">
            <subfield code="a">061540188</subfield>
          </datafield>
          <datafield tag="035" ind1=" " ind2=" ">
            <subfield code="a">sib1786312</subfield>
          </datafield>
          <datafield tag="035" ind1=" " ind2=" ">
            <subfield code="a">Evry30546</subfield>
          </datafield>
          <datafield tag="100" ind1=" " ind2=" ">
            <subfield code="a">20010619d1998    k  y0frey0103    ba</subfield>
          </datafield>
          <datafield tag="101" ind1="1" ind2=" ">
            <subfield code="a">fre</subfield>
            <subfield code="c">grc</subfield>
          </datafield>
          <datafield tag="102" ind1=" " ind2=" ">
            <subfield code="a">FR</subfield>
          </datafield>
          <datafield tag="105" ind1=" " ind2=" ">
            <subfield code="a">y   z   000by</subfield>
          </datafield>
          <datafield tag="106" ind1=" " ind2=" ">
            <subfield code="a">r</subfield>
          </datafield>
          <datafield tag="200" ind1="1" ind2=" ">
            <subfield code="a">Tragédies</subfield>
            <subfield code="b">Texte imprimé</subfield>
            <subfield code="e">Théâtre complet</subfield>
            <subfield code="f">Sophocle</subfield>
            <subfield code="g">préface de Pierre Vidal-Naquet</subfield>
            <subfield code="g">traduction de Paul Mazon</subfield>
            <subfield code="g">notes de René Langumier</subfield>
          </datafield>
          <datafield tag="210" ind1=" " ind2=" ">
            <subfield code="a">Paris</subfield>
            <subfield code="c">Gallimard</subfield>
            <subfield code="d">1998</subfield>
            <subfield code="e">Saint-Amand</subfield>
            <subfield code="g">Impr. Bussière Camedan Imprimeries</subfield>
          </datafield>
          <datafield tag="215" ind1=" " ind2=" ">
            <subfield code="a">434 p.</subfield>
            <subfield code="c">couv. ill. en coul.</subfield>
            <subfield code="d">18 cm</subfield>
          </datafield>
          <datafield tag="225" ind1="1" ind2=" ">
            <subfield code="a">Folio classique</subfield>
            <subfield code="v">360</subfield>
          </datafield>
          <datafield tag="305" ind1=" " ind2=" ">
            <subfield code="a">Autre(s) tirage(s) : 2001, 2002</subfield>
          </datafield>
          <datafield tag="320" ind1=" " ind2=" ">
            <subfield code="a">Chronologie, notes</subfield>
          </datafield>
          <datafield tag="327" ind1="1" ind2=" ">
            <subfield code="a">Les Trachiniennes</subfield>
            <subfield code="a">Antigone</subfield>
            <subfield code="a">Ajax</subfield>
            <subfield code="a">Oedipe Roi</subfield>
            <subfield code="a">Electre</subfield>
            <subfield code="a">Philoctète</subfield>
            <subfield code="a">Oedipe à Colone</subfield>
          </datafield>
          <datafield tag="410" ind1=" " ind2=" ">
            <subfield code="9">3600</subfield>
            <subfield code="0">01334143X</subfield>
            <subfield code="t">Collection Folio. Classique</subfield>
            <subfield code="x">1258-0449</subfield>
            <subfield code="v">360</subfield>
          </datafield>
          <datafield tag="606" ind1="1" ind2=" ">
            <subfield code="3">02723696X</subfield>
            <subfield code="a">Littérature grecque</subfield>
            <subfield code="2">rameau</subfield>
          </datafield>
          <datafield tag="676" ind1=" " ind2=" ">
            <subfield code="a">882</subfield>
          </datafield>
          <datafield tag="700" ind1=" " ind2="0">
            <subfield code="3">027143619</subfield>
            <subfield code="a">Sophocle</subfield>
            <subfield code="f">0496?-0406 av. J.-C.</subfield>
            <subfield code="4">070</subfield>
          </datafield>
          <datafield tag="702" ind1=" " ind2="1">
            <subfield code="3">027184269</subfield>
            <subfield code="a">Vidal-Naquet</subfield>
            <subfield code="b">Pierre</subfield>
            <subfield code="f">1930-....</subfield>
            <subfield code="4">070</subfield>
          </datafield>
          <datafield tag="702" ind1=" " ind2="1">
            <subfield code="3">027020789</subfield>
            <subfield code="a">Mazon</subfield>
            <subfield code="b">Paul</subfield>
            <subfield code="f">1874-1955</subfield>
            <subfield code="4">730</subfield>
          </datafield>
          <datafield tag="702" ind1=" " ind2="1">
            <subfield code="3">026964791</subfield>
            <subfield code="a">Langumier</subfield>
            <subfield code="b">René</subfield>
            <subfield code="4">340</subfield>
          </datafield>
          <datafield tag="801" ind1=" " ind2="3">
            <subfield code="a">FR</subfield>
            <subfield code="b">Abes</subfield>
            <subfield code="c">20041119</subfield>
            <subfield code="g">AFNOR</subfield>
          </datafield>
          <datafield tag="801" ind1=" " ind2="3">
            <subfield code="a">FR</subfield>
            <subfield code="b">SF</subfield>
            <subfield code="c">20041119</subfield>
            <subfield code="g">AFNOR</subfield>
          </datafield>
          <datafield tag="930" ind1=" " ind2=" ">
            <subfield code="5">951272104:23455407X</subfield>
            <subfield code="b">951272104</subfield>
            <subfield code="a">882 SOPH</subfield>
            <subfield code="j">u</subfield>
          </datafield>
          <datafield tag="930" ind1=" " ind2=" ">
            <subfield code="5">693872102:184956021</subfield>
            <subfield code="b">693872102</subfield>
            <subfield code="j">u</subfield>
          </datafield>
          <datafield tag="930" ind1=" " ind2=" ">
            <subfield code="5">751132102:188935061</subfield>
            <subfield code="b">751132102</subfield>
            <subfield code="j">u</subfield>
          </datafield>
          <datafield tag="915" ind1=" " ind2=" ">
            <subfield code="5">751052219:140775498</subfield>
            <subfield code="a">751052219a/23907</subfield>
          </datafield>
          <datafield tag="917" ind1=" " ind2=" ">
            <subfield code="5">751052219:140775498</subfield>
            <subfield code="a">aaxx</subfield>
          </datafield>
          <datafield tag="930" ind1=" " ind2=" ">
            <subfield code="5">751052219:140775498</subfield>
            <subfield code="b">751052219</subfield>
            <subfield code="d">ma</subfield>
            <subfield code="a">TM 61</subfield>
            <subfield code="j">u</subfield>
          </datafield>
          <datafield tag="995" ind1=" " ind2=" ">
            <subfield code="5">751052219:140775498</subfield>
            <subfield code="a">ac-ph-c</subfield>
          </datafield>
          <datafield tag="999" ind1=" " ind2=" ">
            <subfield code="5">751052219:140775498</subfield>
            <subfield code="a">TM 61</subfield>
            <subfield code="b">751052219ma</subfield>
            <subfield code="d">1</subfield>
            <subfield code="e">1</subfield>
            <subfield code="x">751052219a/23907</subfield>
            <subfield code="z">ac-ph-c</subfield>
            <subfield code="5">19.06.2001/752102/ra4</subfield>
          </datafield>
        </record>
      </recordData>
      <recordPosition>97</recordPosition>
    </record>