
    <record>
      <recordSchema>dc</recordSchema>
      <recordPacking>xml</recordPacking>
      <recordData>
        <record xsi:schemaLocation="http://www.loc.gov/MARC21/slim http://www.loc.gov/standards/marcxml/schema/MARC21slim.xsd" xmlns="http://www.loc.gov/MARC21/slim" xmlns:xsi="http://www.w3.org/2001/XMLSchema-instance">
          <leader>02279cam0 22003971i 4500</leader>
          <controlfield tag="001">053648854</controlfield>
          <controlfield tag="005">20040921194537.000</controlfield>
          <datafield tag="035" ind1=" " ind2=" ">
            <subfield code="a">thL-00081896</subfield>
          </datafield>
          <datafield tag="100" ind1=" " ind2=" ">
            <subfield code="a">20001218d1998    |||y0frey0103    ba</subfield>
          </datafield>
          <datafield tag="101" ind1="0" ind2=" ">
            <subfield code="a">fre</subfield>
          </datafield>
          <datafield tag="102" ind1=" " ind2=" ">
            <subfield code="a">FR</subfield>
          </datafield>
          <datafield tag="105" ind1=" " ind2=" ">
            <subfield code="a">y   m   000yy</subfield>
          </datafield>
          <datafield tag="200" ind1="1" ind2=" ">
            <subfield code="a">&lt;?char 136 ?&gt;LE &lt;?char 137 ?&gt;MYTHE D'OEDIPE DANS LE THEATRE FRANCAIS DU XVIEME SIECLE A NOS JOURS</subfield>
            <subfield code="f">MITSUTAKA ODAGIRI</subfield>
            <subfield code="g">SOUS LA DIR. DE PIERRE BRUNEL</subfield>
          </datafield>
          <datafield tag="210" ind1=" " ind2=" ">
            <subfield code="a">[S.l.]</subfield>
            <subfield code="c">[s.n.]</subfield>
            <subfield code="d">1998</subfield>
          </datafield>
          <datafield tag="215" ind1=" " ind2=" ">
            <subfield code="a">885 p.</subfield>
          </datafield>
          <datafield tag="301" ind1=" " ind2=" ">
            <subfield code="a">1997PA040141</subfield>
          </datafield>
          <datafield tag="310" ind1=" " ind2=" ">
            <subfield code="a">Publication autorisée par le jury</subfield>
          </datafield>
          <datafield tag="320" ind1=" " ind2=" ">
            <subfield code="a">Bibliogr. : 999 ref.</subfield>
          </datafield>
          <datafield tag="330" ind1=" " ind2=" ">
            <subfield code="a">CE TRAVAIL SE VEUT UNE CONTRIBUTION A L'ETUDE DU MYTHE D'OEDIPE DANS L'HISTOIRE DU THEATRE FRANCAIS MODERNE DU XVIE SIECLE A NOS JOURS. DANS LA PREMIERE PARTIE NOUS AVONS ESSAYE DE METTRE EN EVIDENCE LE RAPPORT ENTRE LE MYTHE ET LA LITTERATURE. NOUS NOUS SOMMES EFFORCES ENSUITE DE DECRIRE LE PARCOURS DIACHRONIQUE DE L'EVOLUTION DE NOTRE MYTHE EN DEUX PARTIES, AFIN DE METTRE EN RELIEF LA VARIATIONET LA CONSTANCE DES COMPOSANTES ESSENTIELLES DU MYTHE D'OEDIPE. C'EST DANS UNE QUATRIEME PARTIE QUE NOUS AVONS TENTE D'ADOPTER UNE APPROCHE SYNCHRONIQUE AFIN DE MONTRER LES DIFFERENTS ASPECTS IDEOLOGIQUES QUI SOUTIENNENT L'ECRITURE PALIMPSESTE DU MYTHE D'OEDIPE POUR CHAQUE DRAMATURGE, NOTAMMENT DU POINT DE VUE PHILOSOPHIQUE, PSYCHANALYTIQUE ET METAPHYSIQUE.</subfield>
          </datafield>
          <datafield tag="517" ind1=" " ind2=" ">
            <subfield code="a">&lt;?char 136 ?&gt;THE &lt;?char 137 ?&gt;OEDIPUS MYTH IN FRENCH THEATRE FROM THE SISTEENTH CENTURY TO THE PRESENT</subfield>
          </datafield>
          <datafield tag="606" ind1="1" ind2=" ">
            <subfield code="a">OEDIPE (MYTHOLOGIE GRECQUE) DANS LA LITTERATURE</subfield>
            <subfield code="2">rameau</subfield>
          </datafield>
          <datafield tag="606" ind1="1" ind2=" ">
            <subfield code="a">THEATRE FRANCAIS/THEMES MOTIFS</subfield>
            <subfield code="2">rameau</subfield>
          </datafield>
          <datafield tag="606" ind1="1" ind2=" ">
            <subfield code="3">027240460</subfield>
            <subfield code="a">Mythe</subfield>
            <subfield code="x">Dans la littérature</subfield>
            <subfield code="2">rameau</subfield>
          </datafield>
          <datafield tag="606" ind1="1" ind2=" ">
            <subfield code="3">027241556</subfield>
            <subfield code="a">Psychanalyse et littérature</subfield>
            <subfield code="2">rameau</subfield>
          </datafield>
          <datafield tag="610" ind1="1" ind2=" ">
            <subfield code="a">LITTERATURE FRANCAISE : LITTERATURE GENERALE ET COMPAREE</subfield>
          </datafield>
          <datafield tag="610" ind1="1" ind2=" ">
            <subfield code="a">LITTERATURE FRANCAISE : CULTURE ET SOCIETE</subfield>
          </datafield>
          <datafield tag="610" ind1="2" ind2=" ">
            <subfield code="a">OEDIPE (MYTHOLOGIE GRECQUE) DANS LA LITTERATURE</subfield>
          </datafield>
          <datafield tag="610" ind1="2" ind2=" ">
            <subfield code="a">THEATRE FRANCAIS/THEMES MOTIFS</subfield>
          </datafield>
          <datafield tag="610" ind1="2" ind2=" ">
            <subfield code="a">MYTHE DANS LA LITTERATURE</subfield>
          </datafield>
          <datafield tag="610" ind1="2" ind2=" ">
            <subfield code="a">PSYCHANALYSE ET LITTERATURE</subfield>
          </datafield>
          <datafield tag="686" ind1=" " ind2=" ">
            <subfield code="a">1840 1847</subfield>
            <subfield code="2">tlt</subfield>
          </datafield>
          <datafield tag="700" ind1=" " ind2="1">
            <subfield code="3">057673047</subfield>
            <subfield code="a">Odagiri</subfield>
            <subfield code="b">Mitsutaka</subfield>
          </datafield>
          <datafield tag="702" ind1=" " ind2="1">
            <subfield code="3">026756625</subfield>
            <subfield code="a">Brunel</subfield>
            <subfield code="b">Pierre</subfield>
            <subfield code="f">1939-....</subfield>
            <subfield code="4">727</subfield>
          </datafield>
          <datafield tag="801" ind1=" " ind2="3">
            <subfield code="a">FR</subfield>
            <subfield code="b">Abes</subfield>
            <subfield code="c">20040921</subfield>
            <subfield code="g">AFNOR</subfield>
          </datafield>
          <datafield tag="801" ind1=" " ind2="3">
            <subfield code="a">FR</subfield>
            <subfield code="b">Abes</subfield>
            <subfield code="c">20040921</subfield>
            <subfield code="g">AFNOR</subfield>
          </datafield>
          <datafield tag="930" ind1=" " ind2=" ">
            <subfield code="5">751052129:197917771</subfield>
            <subfield code="b">751052129</subfield>
            <subfield code="a">BUT 4097</subfield>
            <subfield code="j">u</subfield>
          </datafield>
        </record>
      </recordData>
      <recordPosition>98</recordPosition>
    </record>