
    <record>
      <recordSchema>dc</recordSchema>
      <recordPacking>xml</recordPacking>
      <recordData>
        <record xsi:schemaLocation="http://www.loc.gov/MARC21/slim http://www.loc.gov/standards/marcxml/schema/MARC21slim.xsd" xmlns="http://www.loc.gov/MARC21/slim" xmlns:xsi="http://www.w3.org/2001/XMLSchema-instance">
          <leader>02108cjm0 2200337   4500</leader>
          <controlfield tag="001">048145262</controlfield>
          <controlfield tag="005">20050617192212.000</controlfield>
          <datafield tag="035" ind1=" " ind2=" ">
            <subfield code="a">sib1388491</subfield>
          </datafield>
          <datafield tag="100" ind1=" " ind2=" ">
            <subfield code="a">19990618f1998    ||||0frey0103    ba</subfield>
          </datafield>
          <datafield tag="101" ind1="0" ind2=" ">
            <subfield code="a">fre</subfield>
          </datafield>
          <datafield tag="102" ind1=" " ind2=" ">
            <subfield code="a">FR</subfield>
          </datafield>
          <datafield tag="200" ind1="1" ind2=" ">
            <subfield code="a">[Cours Gilles Deleuze]</subfield>
            <subfield code="b">Enregistrement sonore</subfield>
            <subfield code="h">19</subfield>
            <subfield code="i">[L'anti-Oedipe et autres réflexions</subfield>
            <subfield code="e">année universitaire 1979-80]</subfield>
            <subfield code="e">cours 19</subfield>
            <subfield code="e">cours du 27 mai 1980</subfield>
            <subfield code="f">de Gilles Deleuze</subfield>
            <subfield code="g">Université de Paris VIII, Département de philosophie</subfield>
          </datafield>
          <datafield tag="210" ind1=" " ind2=" ">
            <subfield code="a">Paris</subfield>
            <subfield code="c">[Bibliothèque nationale de France]</subfield>
            <subfield code="d">[1998]</subfield>
          </datafield>
          <datafield tag="300" ind1=" " ind2=" ">
            <subfield code="a">Enregistrements réalisés par des étudiants pour l'année universitaire 1979-1980 à l'Université de Vincennes et pour les autres années à l'Université de Paris VIII-Saint-Denis, et transférés sur des CD par la BNF</subfield>
          </datafield>
          <datafield tag="300" ind1=" " ind2=" ">
            <subfield code="a">Ce cours est une réflexion sur les cours des années précédentes et sur les travaux de Deleuze dont L'anti-oedipe. Titre forgé à partir de l'écoute des enregistrements</subfield>
          </datafield>
          <datafield tag="461" ind1=" " ind2=" ">
            <subfield code="t">[Cours Gilles Deleuze] [Enregistrement sonore]</subfield>
            <subfield code="v">19/1979-80</subfield>
          </datafield>
          <datafield tag="517" ind1=" " ind2=" ">
            <subfield code="a">[Cours Gilles Deleuze] [Enregistrement sonore]</subfield>
            <subfield code="j">19/1979-80</subfield>
          </datafield>
          <datafield tag="517" ind1=" " ind2=" ">
            <subfield code="a">&lt;?char 136 ?&gt;L'&lt;?char 137 ?&gt;anti-Oedipe et autres réflexions [Enregistrement sonore]</subfield>
          </datafield>
          <datafield tag="600" ind1=" " ind2="1">
            <subfield code="3">085696625</subfield>
            <subfield code="a">Spinoza</subfield>
            <subfield code="b">Baruch</subfield>
            <subfield code="f">1632-1677</subfield>
            <subfield code="3">028633067</subfield>
            <subfield code="x">Critique et interprétation</subfield>
            <subfield code="3">027533379</subfield>
            <subfield code="x">Bandes audio</subfield>
            <subfield code="2">rameau</subfield>
          </datafield>
          <datafield tag="606" ind1="1" ind2=" ">
            <subfield code="3">027291685</subfield>
            <subfield code="a">Sociologie et psychanalyse</subfield>
            <subfield code="3">027533379</subfield>
            <subfield code="x">Bandes audio</subfield>
            <subfield code="2">rameau</subfield>
          </datafield>
          <datafield tag="606" ind1="1" ind2=" ">
            <subfield code="3">033773440</subfield>
            <subfield code="a">Philosophie et maladies mentales</subfield>
            <subfield code="3">027533379</subfield>
            <subfield code="x">Bandes audio</subfield>
            <subfield code="2">rameau</subfield>
          </datafield>
          <datafield tag="606" ind1="1" ind2=" ">
            <subfield code="3">027655431</subfield>
            <subfield code="a">Mort (philosophie)</subfield>
            <subfield code="3">027533379</subfield>
            <subfield code="x">Bandes audio</subfield>
            <subfield code="2">rameau</subfield>
          </datafield>
          <datafield tag="606" ind1="1" ind2=" ">
            <subfield code="a">Continuité - bandes sonores</subfield>
            <subfield code="2">rameau</subfield>
          </datafield>
          <datafield tag="700" ind1=" " ind2="1">
            <subfield code="3">026820552</subfield>
            <subfield code="a">Deleuze</subfield>
            <subfield code="b">Gilles</subfield>
            <subfield code="f">1925-1995</subfield>
          </datafield>
          <datafield tag="712" ind1="0" ind2="2">
            <subfield code="a">Université de Paris</subfield>
            <subfield code="c">8</subfield>
            <subfield code="b">Département de philosophie</subfield>
          </datafield>
          <datafield tag="801" ind1=" " ind2="3">
            <subfield code="a">FR</subfield>
            <subfield code="b">Abes</subfield>
            <subfield code="c">20050617</subfield>
            <subfield code="g">AFNOR</subfield>
          </datafield>
          <datafield tag="801" ind1=" " ind2="3">
            <subfield code="a">FR</subfield>
            <subfield code="b">SF</subfield>
            <subfield code="c">20050617</subfield>
            <subfield code="g">AFNOR</subfield>
          </datafield>
          <datafield tag="915" ind1=" " ind2=" ">
            <subfield code="5">930662101:109357051</subfield>
            <subfield code="a">930662101a/</subfield>
            <subfield code="b">025299743</subfield>
          </datafield>
          <datafield tag="917" ind1=" " ind2=" ">
            <subfield code="5">930662101:109357051</subfield>
            <subfield code="a">abxx</subfield>
          </datafield>
          <datafield tag="930" ind1=" " ind2=" ">
            <subfield code="5">930662101:109357051</subfield>
            <subfield code="b">930662101</subfield>
            <subfield code="d">av</subfield>
            <subfield code="a">1"19" DEL</subfield>
            <subfield code="j">i</subfield>
            <subfield code="2">CDU</subfield>
          </datafield>
          <datafield tag="999" ind1=" " ind2=" ">
            <subfield code="5">930662101:109357051</subfield>
            <subfield code="a">B-AVCD</subfield>
            <subfield code="b">930662101av</subfield>
            <subfield code="d">1</subfield>
            <subfield code="e">3</subfield>
            <subfield code="1">cdu-pd</subfield>
            <subfield code="c">1"19" DEL</subfield>
            <subfield code="x">930662101a</subfield>
            <subfield code="y">025299743</subfield>
            <subfield code="5">18.06.1999/932101/may</subfield>
          </datafield>
        </record>
      </recordData>
      <recordPosition>99</recordPosition>
    </record>