
    <record>
      <recordSchema>dc</recordSchema>
      <recordPacking>xml</recordPacking>
      <recordData>
        <record xsi:schemaLocation="http://www.loc.gov/MARC21/slim http://www.loc.gov/standards/marcxml/schema/MARC21slim.xsd" xmlns="http://www.loc.gov/MARC21/slim" xmlns:xsi="http://www.w3.org/2001/XMLSchema-instance">
          <leader>01285cam0 2200337   4500</leader>
          <controlfield tag="001">046993010</controlfield>
          <controlfield tag="005">20030129151948.000</controlfield>
          <datafield tag="010" ind1=" " ind2=" ">
            <subfield code="a">2-910435-04-0</subfield>
          </datafield>
          <datafield tag="035" ind1=" " ind2=" ">
            <subfield code="a">sib1342937</subfield>
          </datafield>
          <datafield tag="035" ind1=" " ind2=" ">
            <subfield code="5">341722103</subfield>
            <subfield code="a">15555</subfield>
          </datafield>
          <datafield tag="100" ind1=" " ind2=" ">
            <subfield code="a">19990416d1998    ||||0frey0103    ba</subfield>
          </datafield>
          <datafield tag="101" ind1="1" ind2=" ">
            <subfield code="a">fre</subfield>
            <subfield code="c">alb</subfield>
          </datafield>
          <datafield tag="102" ind1=" " ind2=" ">
            <subfield code="a">FR</subfield>
          </datafield>
          <datafield tag="105" ind1=" " ind2=" ">
            <subfield code="a">y   |||||||||</subfield>
          </datafield>
          <datafield tag="200" ind1="1" ind2=" ">
            <subfield code="a">Oedipe roi, Oedipe menteur</subfield>
            <subfield code="f">Bashkim Shehu</subfield>
            <subfield code="g">trad. de l'albanais par Anne-Marie Autissier</subfield>
            <subfield code="g">avec la collab. d'Edmond Tupja</subfield>
          </datafield>
          <datafield tag="210" ind1=" " ind2=" ">
            <subfield code="a">Paris</subfield>
            <subfield code="c">L'Esprit des péninsules</subfield>
            <subfield code="d">1998</subfield>
          </datafield>
          <datafield tag="215" ind1=" " ind2=" ">
            <subfield code="a">105 p</subfield>
            <subfield code="d">21 cm</subfield>
          </datafield>
          <datafield tag="225" ind1="1" ind2=" ">
            <subfield code="a">Balkaniques</subfield>
          </datafield>
          <datafield tag="410" ind1=" " ind2=" ">
            <subfield code="0">013719726</subfield>
            <subfield code="t">Balkaniques (Paris)</subfield>
            <subfield code="x">1296-4441</subfield>
          </datafield>
          <datafield tag="700" ind1=" " ind2="1">
            <subfield code="3">032077076</subfield>
            <subfield code="a">Shehu</subfield>
            <subfield code="b">Bashkim</subfield>
            <subfield code="f">1955-....</subfield>
            <subfield code="4">070</subfield>
          </datafield>
          <datafield tag="702" ind1=" " ind2="1">
            <subfield code="3">05694523X</subfield>
            <subfield code="a">Autissier</subfield>
            <subfield code="b">Anne-Marie</subfield>
            <subfield code="4">730</subfield>
          </datafield>
          <datafield tag="702" ind1=" " ind2="1">
            <subfield code="3">032623763</subfield>
            <subfield code="a">Tupja</subfield>
            <subfield code="b">Edmond</subfield>
          </datafield>
          <datafield tag="801" ind1=" " ind2="3">
            <subfield code="a">FR</subfield>
            <subfield code="b">Abes</subfield>
            <subfield code="c">20030129</subfield>
            <subfield code="g">AFNOR</subfield>
          </datafield>
          <datafield tag="801" ind1=" " ind2="3">
            <subfield code="a">FR</subfield>
            <subfield code="b">SF</subfield>
            <subfield code="c">20030129</subfield>
            <subfield code="g">AFNOR</subfield>
          </datafield>
          <datafield tag="915" ind1=" " ind2=" ">
            <subfield code="5">341722103:107385600</subfield>
            <subfield code="a">341722103a/693628</subfield>
          </datafield>
          <datafield tag="917" ind1=" " ind2=" ">
            <subfield code="5">341722103:107385600</subfield>
            <subfield code="a">aaxx</subfield>
          </datafield>
          <datafield tag="930" ind1=" " ind2=" ">
            <subfield code="5">341722103:107385600</subfield>
            <subfield code="b">341722103</subfield>
            <subfield code="a">891 SHE.B 4 O</subfield>
            <subfield code="j">u</subfield>
          </datafield>
          <datafield tag="992" ind1=" " ind2=" ">
            <subfield code="5">341722103:107385600</subfield>
            <subfield code="a">umllao</subfield>
          </datafield>
          <datafield tag="999" ind1=" " ind2=" ">
            <subfield code="5">341722103:107385600</subfield>
            <subfield code="a">XG 5233</subfield>
            <subfield code="b">341722103p</subfield>
            <subfield code="d">1</subfield>
            <subfield code="e">1</subfield>
            <subfield code="1">cdu-ml</subfield>
            <subfield code="c">891 SHE.B 4 O</subfield>
            <subfield code="x">341722103a/693628</subfield>
            <subfield code="u">mllao</subfield>
            <subfield code="5">16.04.1999/342103/lf</subfield>
          </datafield>
          <datafield tag="915" ind1=" " ind2=" ">
            <subfield code="5">751132105:198492871</subfield>
            <subfield code="a">A/</subfield>
          </datafield>
          <datafield tag="930" ind1=" " ind2=" ">
            <subfield code="5">751132105:198492871</subfield>
            <subfield code="b">751132105</subfield>
            <subfield code="a">891.5"19" SHE B 7</subfield>
            <subfield code="j">u</subfield>
          </datafield>
        </record>
      </recordData>
      <recordPosition>100</recordPosition>
    </record>
  </records>
  <echoedSearchRetrieveRequest>
    <version>1.1</version>
    <stylesheet />
    <query>dc.title=oedipe</query>
    <maximumRecords>100</maximumRecords>
    <recordPacking>xml</recordPacking>
    <recordSchema />
    <recordXPath />
    <resultSetTTL />
    <sortKeys />
    <xQuery>
      <searchClause xmlns="http://www.loc.gov/zing/cql/xcql/">
        <index>dc.title</index>
        <relation>
          <value>=</value>
        </relation>
        <term>oedipe</term>
      </searchClause>
    </xQuery>
  </echoedSearchRetrieveRequest>
</searchRetrieveResponse>